match_id,hero_id,start_time,game_mode,kills,deaths,assists,party_size,player_id,is_radiant,result,seconds_since_last_match
3347016582,14.0,2017-07-31 01:14:49,22.0,20.0,10.0,30.0,1.0,9343298,True,1,44878.0
3348217862,51.0,2017-07-31 13:46:05,22.0,9.0,12.0,16.0,1.0,9343298,True,0,7537.0
3348737949,57.0,2017-07-31 21:35:47,22.0,3.0,6.0,13.0,3.0,9343298,False,0,24684.0
3348777215,14.0,2017-07-31 22:21:12,22.0,1.0,3.0,13.0,5.0,9343298,True,1,808.0
3366392236,14.0,2017-08-09 23:34:12,22.0,11.0,15.0,25.0,2.0,9343298,False,0,32743.0
3368311020,5.0,2017-08-10 22:55:13,22.0,1.0,19.0,23.0,3.0,9343298,False,0,617.0
3370226193,23.0,2017-08-11 19:22:33,22.0,8.0,8.0,25.0,2.0,9343298,True,1,55448.0
3370343182,14.0,2017-08-11 21:39:00,22.0,1.0,7.0,21.0,3.0,9343298,False,1,5509.0
3370391180,9.0,2017-08-11 22:30:11,22.0,10.0,3.0,19.0,4.0,9343298,True,1,879.0
3380895148,14.0,2017-08-16 11:54:47,22.0,5.0,10.0,10.0,1.0,9343298,True,0,44030.0
3381699183,5.0,2017-08-16 22:23:37,22.0,2.0,12.0,21.0,4.0,9343298,False,1,20055.0
3385500459,5.0,2017-08-18 14:27:31,22.0,1.0,2.0,2.0,2.0,9343298,False,0,41494.0
3385650068,5.0,2017-08-18 16:01:10,22.0,2.0,12.0,12.0,2.0,9343298,False,0,774.0
3386175845,14.0,2017-08-18 22:43:57,22.0,6.0,13.0,19.0,4.0,9343298,True,0,1468.0
3386540755,97.0,2017-08-19 02:33:24,22.0,0.0,11.0,16.0,1.0,9343298,True,0,833.0
3394497060,14.0,2017-08-22 05:50:30,22.0,4.0,11.0,4.0,1.0,9343298,False,0,1197.0
3396880166,33.0,2017-08-23 07:27:30,22.0,7.0,6.0,12.0,1.0,9343298,True,1,21771.0
3402269085,5.0,2017-08-25 14:34:49,22.0,4.0,2.0,13.0,2.0,9343298,True,1,53983.0
3402331402,86.0,2017-08-25 15:11:11,22.0,5.0,3.0,10.0,2.0,9343298,False,1,447.0
3402387316,50.0,2017-08-25 15:45:26,22.0,1.0,8.0,21.0,2.0,9343298,False,1,642.0
3402490307,14.0,2017-08-25 16:53:16,22.0,5.0,8.0,10.0,3.0,9343298,True,1,1487.0
3402548040,111.0,2017-08-25 17:34:19,22.0,5.0,6.0,32.0,3.0,9343298,True,1,585.0
3405459689,50.0,2017-08-26 23:48:34,22.0,0.0,7.0,16.0,5.0,9343298,False,0,3116.0
3405537939,9.0,2017-08-27 00:45:29,22.0,5.0,8.0,22.0,4.0,9343298,True,1,631.0
3407951598,14.0,2017-08-28 00:53:18,22.0,7.0,6.0,10.0,1.0,9343298,True,0,83732.0
3412246902,14.0,2017-08-30 00:31:28,22.0,6.0,11.0,11.0,1.0,9343298,False,0,9466.0
3412417668,14.0,2017-08-30 02:41:08,22.0,3.0,2.0,8.0,1.0,9343298,True,1,4803.0
3414675142,83.0,2017-08-31 03:29:51,22.0,2.0,4.0,16.0,1.0,9343298,True,1,8353.0
3415048088,51.0,2017-08-31 07:10:33,22.0,15.0,3.0,16.0,1.0,9343298,False,1,6687.0
3416481967,87.0,2017-08-31 21:59:29,22.0,2.0,12.0,12.0,5.0,9343298,False,0,47708.0
3416539867,14.0,2017-08-31 22:55:55,22.0,4.0,11.0,11.0,3.0,9343298,True,0,763.0
3418882590,14.0,2017-09-02 01:31:53,22.0,9.0,10.0,26.0,1.0,9343298,True,1,68520.0
3421202651,5.0,2017-09-03 01:03:41,22.0,2.0,5.0,6.0,3.0,9343298,True,0,81650.0
3423718418,9.0,2017-09-04 05:09:27,22.0,17.0,6.0,24.0,1.0,9343298,True,0,577.0
3428806842,86.0,2017-09-06 23:55:38,22.0,1.0,7.0,20.0,3.0,9343298,False,1,40796.0
3428862450,5.0,2017-09-07 00:54:01,22.0,0.0,3.0,3.0,3.0,9343298,True,0,1099.0
3452135925,14.0,2017-09-18 14:23:29,22.0,7.0,2.0,12.0,1.0,9343298,False,1,42031.0
3454235719,9.0,2017-09-19 20:23:00,22.0,7.0,8.0,9.0,2.0,9343298,True,0,86400.0
3454325311,14.0,2017-09-19 22:42:17,22.0,1.0,8.0,10.0,3.0,9343298,False,0,5834.0
3464562024,14.0,2017-09-25 00:33:00,22.0,10.0,16.0,16.0,1.0,9343298,False,0,86400.0
3510090940,14.0,2017-10-19 02:41:41,22.0,8.0,11.0,24.0,1.0,9343298,False,1,12512.0
3513555263,14.0,2017-10-20 23:36:18,22.0,11.0,10.0,32.0,3.0,9343298,True,1,19871.0
3536868985,91.0,2017-11-02 00:58:07,22.0,1.0,15.0,26.0,3.0,9343298,True,1,6116.0
3541189444,14.0,2017-11-04 00:10:44,22.0,4.0,14.0,13.0,2.0,9343298,False,1,86400.0
3547986173,51.0,2017-11-07 05:25:48,22.0,7.0,2.0,16.0,1.0,9343298,True,1,86400.0
3549265502,14.0,2017-11-07 20:21:20,22.0,3.0,11.0,12.0,3.0,9343298,False,1,2252.0
3554890248,14.0,2017-11-11 00:38:35,22.0,4.0,10.0,13.0,3.0,9343298,False,0,679.0
3589561523,14.0,2017-11-29 15:09:54,23.0,4.0,6.0,15.0,1.0,9343298,True,1,86400.0
3609064629,114.0,2017-12-10 00:05:49,23.0,2.0,6.0,4.0,1.0,9343298,False,0,86400.0
3621000002,14.0,2017-12-16 01:37:29,22.0,4.0,5.0,14.0,1.0,9343298,True,1,146.0
3631498205,14.0,2017-12-20 23:48:21,22.0,3.0,10.0,13.0,2.0,9343298,True,1,75099.0
3634420818,86.0,2017-12-22 10:47:46,22.0,2.0,7.0,17.0,3.0,9343298,True,0,86400.0
3634753098,57.0,2017-12-22 13:36:09,23.0,2.0,2.0,11.0,2.0,9343298,True,1,7774.0
3635713452,14.0,2017-12-23 03:09:05,22.0,3.0,7.0,10.0,1.0,9343298,False,0,47424.0
3637564269,14.0,2017-12-23 22:48:33,22.0,1.0,13.0,10.0,4.0,9343298,False,0,507.0
3637649612,14.0,2017-12-24 00:06:24,22.0,6.0,6.0,16.0,4.0,9343298,False,1,1611.0
3639025705,14.0,2017-12-24 13:04:06,22.0,6.0,7.0,23.0,5.0,9343298,False,1,44376.0
3639293003,14.0,2017-12-24 15:37:31,22.0,7.0,9.0,21.0,3.0,9343298,True,0,6687.0
3640027329,14.0,2017-12-25 03:24:27,22.0,6.0,8.0,12.0,4.0,9343298,True,0,39934.0
3645641198,86.0,2017-12-28 00:17:16,22.0,2.0,7.0,13.0,3.0,9343298,True,0,86400.0
3645684906,14.0,2017-12-28 00:56:51,22.0,4.0,11.0,13.0,3.0,9343298,False,1,501.0
3649639363,59.0,2017-12-30 01:09:33,22.0,10.0,8.0,11.0,5.0,9343298,False,0,86400.0
3651649039,14.0,2017-12-31 00:33:41,22.0,5.0,11.0,11.0,4.0,9343298,False,0,81813.0
3651714334,23.0,2017-12-31 01:29:07,22.0,4.0,7.0,8.0,4.0,9343298,False,0,1099.0
3653859043,14.0,2018-01-01 04:28:45,22.0,7.0,15.0,32.0,2.0,9343298,True,0,86400.0
3657552306,33.0,2018-01-03 02:36:01,22.0,3.0,2.0,20.0,1.0,9343298,False,1,86400.0
3657608928,14.0,2018-01-03 03:23:29,22.0,10.0,6.0,0.0,1.0,9343298,True,0,909.0
3659179172,14.0,2018-01-03 23:01:18,22.0,1.0,6.0,13.0,5.0,9343298,False,0,69408.0
3659293356,86.0,2018-01-04 01:12:20,22.0,0.0,15.0,10.0,3.0,9343298,False,0,6250.0
3661128575,97.0,2018-01-05 00:37:46,22.0,3.0,6.0,17.0,3.0,9343298,True,1,82353.0
3661176557,14.0,2018-01-05 01:26:35,22.0,1.0,7.0,10.0,3.0,9343298,False,0,561.0
3670725877,14.0,2018-01-10 01:56:06,22.0,0.0,10.0,9.0,1.0,9343298,False,0,86400.0
3681497464,71.0,2018-01-15 17:29:13,22.0,3.0,10.0,14.0,3.0,9343298,False,0,86400.0
3681550919,14.0,2018-01-15 18:20:49,22.0,5.0,8.0,11.0,3.0,9343298,False,0,960.0
3681822168,51.0,2018-01-15 23:59:04,22.0,6.0,5.0,33.0,1.0,9343298,True,1,17765.0
3690897290,51.0,2018-01-21 01:06:05,22.0,12.0,5.0,8.0,5.0,9343298,True,0,86400.0
3696210996,14.0,2018-01-24 00:40:42,22.0,3.0,7.0,6.0,1.0,9343298,False,0,86400.0
3697603052,14.0,2018-01-24 17:55:16,22.0,8.0,10.0,32.0,4.0,9343298,True,1,59796.0
3697918749,23.0,2018-01-25 00:44:22,22.0,3.0,2.0,0.0,1.0,9343298,False,0,6570.0
3699571401,5.0,2018-01-25 23:39:01,22.0,4.0,2.0,12.0,5.0,9343298,True,1,79663.0
3699604977,57.0,2018-01-26 00:17:19,22.0,0.0,7.0,24.0,5.0,9343298,True,1,530.0
3708785751,5.0,2018-01-30 22:37:10,22.0,4.0,4.0,14.0,4.0,9343298,True,1,86400.0
3719378506,14.0,2018-02-05 19:30:22,22.0,6.0,16.0,22.0,5.0,9343298,False,0,60718.0
3741723966,9.0,2018-02-19 01:25:48,22.0,9.0,4.0,33.0,1.0,9343298,False,1,86400.0
3743159870,14.0,2018-02-19 22:23:17,22.0,3.0,9.0,8.0,5.0,9343298,False,0,72894.0
3746335614,14.0,2018-02-22 00:52:12,22.0,4.0,16.0,20.0,1.0,9343298,True,0,86400.0
3747917688,14.0,2018-02-23 00:09:52,22.0,3.0,5.0,5.0,2.0,9343298,False,1,80008.0
3749747203,9.0,2018-02-24 01:54:50,22.0,7.0,6.0,13.0,1.0,9343298,False,0,84695.0
3749806110,14.0,2018-02-24 02:47:32,22.0,7.0,9.0,25.0,5.0,9343298,True,1,954.0
3753335652,14.0,2018-02-26 01:15:21,22.0,1.0,6.0,17.0,1.0,9343298,False,0,77634.0
3754726846,87.0,2018-02-26 21:37:38,22.0,7.0,4.0,10.0,5.0,9343298,False,0,70980.0
3754756574,14.0,2018-02-26 22:24:28,22.0,5.0,4.0,23.0,4.0,9343298,True,1,901.0
3754865575,14.0,2018-02-27 00:49:07,22.0,10.0,1.0,6.0,1.0,9343298,True,1,6872.0
3754952147,14.0,2018-02-27 02:32:08,22.0,5.0,3.0,17.0,1.0,9343298,False,1,897.0
3759577859,51.0,2018-03-02 01:28:20,22.0,18.0,12.0,32.0,1.0,9343298,True,0,86400.0
3761363272,14.0,2018-03-03 02:33:18,22.0,7.0,13.0,21.0,1.0,9343298,True,1,86400.0
3763295072,14.0,2018-03-04 02:37:37,22.0,22.0,14.0,38.0,3.0,9343298,True,1,83537.0
3766515937,14.0,2018-03-06 01:54:00,22.0,12.0,3.0,6.0,1.0,9343298,True,1,85912.0
3768539470,14.0,2018-03-07 09:36:38,22.0,5.0,8.0,14.0,1.0,9343298,False,1,85933.0
3771265902,14.0,2018-03-09 01:21:40,22.0,8.0,10.0,16.0,1.0,9343298,True,0,85862.0
3773072057,5.0,2018-03-10 01:21:05,22.0,5.0,6.0,17.0,3.0,9343298,True,0,80299.0
3776945809,14.0,2018-03-12 02:52:02,22.0,3.0,11.0,11.0,1.0,9343298,False,1,83542.0
3776990777,14.0,2018-03-12 03:43:31,22.0,2.0,11.0,13.0,1.0,9343298,True,0,754.0
3778253537,14.0,2018-03-13 00:39:51,22.0,7.0,11.0,15.0,1.0,9343298,True,0,72569.0
3780171655,14.0,2018-03-14 05:05:54,22.0,7.0,3.0,14.0,1.0,9343298,False,1,86400.0
3781519495,14.0,2018-03-15 00:48:54,22.0,7.0,8.0,16.0,1.0,9343298,True,0,69474.0
3781560006,14.0,2018-03-15 01:38:17,22.0,6.0,10.0,19.0,1.0,9343298,False,1,796.0
3783113090,51.0,2018-03-16 00:41:38,22.0,4.0,8.0,23.0,1.0,9343298,False,1,79718.0
3785004862,14.0,2018-03-17 01:44:10,22.0,4.0,8.0,17.0,1.0,9343298,False,1,80420.0
3785179909,14.0,2018-03-17 04:01:36,22.0,7.0,11.0,12.0,5.0,9343298,True,1,702.0
3787103325,4.0,2018-03-18 02:45:15,4.0,12.0,4.0,10.0,4.0,9343298,True,1,79604.0
3787180209,23.0,2018-03-18 03:39:00,4.0,9.0,12.0,29.0,4.0,9343298,True,0,456.0
3788965884,14.0,2018-03-19 01:17:22,22.0,6.0,10.0,14.0,1.0,9343298,False,0,74424.0
3790210427,14.0,2018-03-19 16:50:41,22.0,6.0,2.0,25.0,1.0,9343298,True,1,53627.0
3790303988,14.0,2018-03-19 18:25:01,22.0,4.0,3.0,10.0,4.0,9343298,True,1,2661.0
3790344353,14.0,2018-03-19 19:14:11,22.0,6.0,6.0,14.0,5.0,9343298,True,1,999.0
3790386982,86.0,2018-03-19 20:15:33,22.0,2.0,7.0,9.0,5.0,9343298,False,0,1229.0
3790432437,14.0,2018-03-19 21:26:09,22.0,3.0,11.0,26.0,5.0,9343298,True,1,2434.0
3790854533,14.0,2018-03-20 06:04:41,22.0,3.0,6.0,20.0,1.0,9343298,True,1,18285.0
3790949428,14.0,2018-03-20 07:22:25,22.0,9.0,7.0,20.0,1.0,9343298,True,0,2213.0
3792080908,14.0,2018-03-21 02:20:11,22.0,3.0,12.0,25.0,1.0,9343298,False,1,658.0
3792844288,14.0,2018-03-21 11:55:47,22.0,5.0,11.0,15.0,1.0,9343298,True,0,30972.0
3793405681,14.0,2018-03-21 20:06:16,22.0,5.0,6.0,5.0,3.0,9343298,True,0,21674.0
3793438613,14.0,2018-03-21 20:58:21,22.0,3.0,8.0,14.0,4.0,9343298,True,1,1029.0
3793474171,30.0,2018-03-21 21:53:46,22.0,10.0,12.0,17.0,5.0,9343298,True,1,663.0
3794898890,14.0,2018-03-22 18:32:26,22.0,9.0,4.0,10.0,2.0,9343298,False,1,23882.0
3794951578,22.0,2018-03-22 19:45:35,22.0,3.0,8.0,10.0,4.0,9343298,False,0,2258.0
3794996660,14.0,2018-03-22 20:57:26,22.0,5.0,13.0,19.0,4.0,9343298,False,0,2375.0
3795065406,16.0,2018-03-22 22:44:56,22.0,2.0,9.0,11.0,3.0,9343298,True,1,2504.0
3796652431,14.0,2018-03-23 20:23:04,22.0,3.0,7.0,13.0,1.0,9343298,True,0,75414.0
3796711166,51.0,2018-03-23 21:49:09,22.0,4.0,19.0,23.0,2.0,9343298,True,0,3188.0
3796765598,30.0,2018-03-23 23:01:20,22.0,15.0,6.0,20.0,4.0,9343298,True,1,403.0
3796805546,14.0,2018-03-23 23:45:56,22.0,2.0,6.0,18.0,4.0,9343298,False,1,441.0
3796853997,14.0,2018-03-24 00:35:45,22.0,10.0,17.0,21.0,4.0,9343298,False,1,640.0
3796975738,44.0,2018-03-24 02:28:21,22.0,19.0,8.0,9.0,5.0,9343298,True,1,2144.0
3798553894,14.0,2018-03-24 18:59:44,22.0,9.0,14.0,28.0,2.0,9343298,False,1,56666.0
3798608166,14.0,2018-03-24 19:58:53,22.0,4.0,6.0,16.0,2.0,9343298,False,0,637.0
3800488194,98.0,2018-03-25 19:08:12,4.0,4.0,6.0,10.0,5.0,9343298,False,0,68293.0
3800524338,68.0,2018-03-25 19:56:02,4.0,2.0,11.0,24.0,5.0,9343298,False,0,584.0
3800552217,60.0,2018-03-25 20:40:01,4.0,10.0,7.0,15.0,5.0,9343298,True,1,382.0
3802136532,14.0,2018-03-26 19:33:51,22.0,9.0,11.0,26.0,5.0,9343298,False,1,50906.0
3802182345,14.0,2018-03-26 20:46:52,22.0,6.0,8.0,19.0,5.0,9343298,True,1,1765.0
3802216284,14.0,2018-03-26 21:41:57,22.0,6.0,12.0,17.0,5.0,9343298,True,0,1055.0
3804179408,14.0,2018-03-28 10:48:56,22.0,5.0,6.0,11.0,1.0,9343298,True,0,624.0
3804885842,14.0,2018-03-28 19:56:54,22.0,7.0,5.0,21.0,2.0,9343298,True,1,30790.0
3806470857,14.0,2018-03-29 18:32:23,22.0,4.0,7.0,8.0,3.0,9343298,False,0,9090.0
3806504543,5.0,2018-03-29 19:16:00,22.0,9.0,4.0,15.0,3.0,9343298,True,1,704.0
3806539880,14.0,2018-03-29 20:06:20,22.0,9.0,16.0,32.0,3.0,9343298,True,1,560.0
3806583786,14.0,2018-03-29 21:16:47,22.0,1.0,10.0,14.0,3.0,9343298,True,1,1099.0
3806630357,55.0,2018-03-29 22:34:30,22.0,4.0,6.0,19.0,5.0,9343298,True,1,1800.0
3806677496,97.0,2018-03-29 23:39:57,22.0,5.0,5.0,13.0,5.0,9343298,False,1,786.0
3806731008,14.0,2018-03-30 00:44:17,22.0,6.0,10.0,5.0,5.0,9343298,True,0,1352.0
3808319306,14.0,2018-03-30 20:57:24,22.0,7.0,5.0,16.0,3.0,9343298,False,0,71145.0
3808349701,20.0,2018-03-30 21:41:25,22.0,2.0,9.0,8.0,3.0,9343298,False,0,606.0
3808398230,14.0,2018-03-30 22:45:55,22.0,4.0,9.0,3.0,3.0,9343298,False,0,1873.0
3808507795,5.0,2018-03-31 00:47:32,22.0,0.0,11.0,17.0,5.0,9343298,True,0,5909.0
3810191518,87.0,2018-03-31 20:03:03,2.0,1.0,2.0,1.0,10.0,9343298,False,0,48064.0
3810235803,14.0,2018-03-31 21:01:41,22.0,3.0,7.0,17.0,1.0,9343298,False,0,2278.0
3810275700,14.0,2018-03-31 21:57:09,22.0,8.0,6.0,22.0,2.0,9343298,False,1,672.0
3810323112,14.0,2018-03-31 22:55:14,22.0,7.0,3.0,11.0,2.0,9343298,True,0,616.0
3810401355,14.0,2018-04-01 00:18:06,22.0,0.0,10.0,10.0,5.0,9343298,False,0,2957.0
3810454391,16.0,2018-04-01 01:11:48,22.0,1.0,11.0,9.0,5.0,9343298,True,0,575.0
3810503194,23.0,2018-04-01 01:58:24,22.0,3.0,8.0,18.0,5.0,9343298,False,0,808.0
3810560035,14.0,2018-04-01 02:48:28,22.0,8.0,10.0,39.0,4.0,9343298,False,1,909.0
3811670577,14.0,2018-04-01 14:20:52,22.0,5.0,5.0,17.0,1.0,9343298,True,1,38157.0
3812060071,16.0,2018-04-01 20:36:19,22.0,3.0,10.0,4.0,1.0,9343298,False,0,20337.0
3812095355,14.0,2018-04-01 21:30:48,22.0,5.0,15.0,18.0,2.0,9343298,False,1,1260.0
3812155750,14.0,2018-04-01 22:58:27,22.0,7.0,2.0,15.0,2.0,9343298,True,1,1733.0
3814004523,14.0,2018-04-03 04:36:33,22.0,6.0,3.0,12.0,1.0,9343298,False,1,2123.0
3814047898,14.0,2018-04-03 05:20:26,22.0,4.0,3.0,2.0,1.0,9343298,False,0,1110.0
3814325732,14.0,2018-04-03 09:17:36,22.0,11.0,10.0,17.0,1.0,9343298,False,1,441.0
3815123126,9.0,2018-04-03 20:23:40,22.0,6.0,10.0,16.0,5.0,9343298,False,0,37183.0
3815165648,14.0,2018-04-03 21:40:20,22.0,8.0,5.0,14.0,5.0,9343298,False,1,1432.0
3815284602,14.0,2018-04-04 00:54:42,22.0,3.0,10.0,12.0,2.0,9343298,True,0,2034.0
3815317023,14.0,2018-04-04 01:38:20,22.0,9.0,4.0,22.0,2.0,9343298,True,1,499.0
3815460575,14.0,2018-04-04 04:27:45,22.0,5.0,9.0,13.0,1.0,9343298,False,0,576.0
3815668055,14.0,2018-04-04 07:34:35,22.0,5.0,8.0,16.0,1.0,9343298,True,1,2288.0
3816516496,5.0,2018-04-04 17:47:33,22.0,2.0,10.0,14.0,1.0,9343298,True,0,34554.0
3816568343,14.0,2018-04-04 18:53:24,22.0,2.0,8.0,13.0,1.0,9343298,False,0,1256.0
3816635884,5.0,2018-04-04 20:56:18,22.0,5.0,14.0,19.0,3.0,9343298,False,1,4882.0
3816671591,9.0,2018-04-04 21:56:37,22.0,3.0,9.0,6.0,3.0,9343298,True,0,574.0
3816708003,14.0,2018-04-04 22:49:41,22.0,3.0,10.0,21.0,1.0,9343298,False,1,933.0
3817884882,14.0,2018-04-05 14:21:58,22.0,12.0,9.0,28.0,1.0,9343298,False,0,2720.0
3818287285,14.0,2018-04-05 21:52:50,22.0,5.0,10.0,13.0,3.0,9343298,True,0,1980.0
3818335680,5.0,2018-04-05 23:02:26,22.0,0.0,14.0,5.0,3.0,9343298,False,0,1574.0
3818497337,2.0,2018-04-06 02:18:28,22.0,7.0,5.0,17.0,1.0,9343298,True,1,10098.0
3818552426,14.0,2018-04-06 03:12:53,22.0,1.0,4.0,1.0,1.0,9343298,True,0,613.0
3820056644,41.0,2018-04-06 23:04:10,22.0,0.0,3.0,5.0,1.0,9343298,False,0,2714.0
3820127158,97.0,2018-04-07 00:35:12,23.0,1.0,3.0,2.0,1.0,9343298,False,0,835.0
3820165369,14.0,2018-04-07 01:19:10,22.0,3.0,15.0,20.0,4.0,9343298,False,0,1627.0
3821923315,5.0,2018-04-07 23:14:02,22.0,3.0,8.0,8.0,2.0,9343298,False,0,62326.0
3821959428,51.0,2018-04-07 23:56:26,22.0,4.0,1.0,8.0,2.0,9343298,True,1,557.0
3821988443,97.0,2018-04-08 00:28:39,22.0,8.0,6.0,15.0,2.0,9343298,True,0,738.0
3822042952,14.0,2018-04-08 01:25:23,22.0,4.0,4.0,9.0,2.0,9343298,False,1,537.0
3822446744,14.0,2018-04-08 06:33:12,22.0,12.0,5.0,18.0,1.0,9343298,True,1,615.0
3822521977,14.0,2018-04-08 07:22:42,22.0,1.0,11.0,8.0,1.0,9343298,False,0,727.0
3822579142,14.0,2018-04-08 08:00:10,22.0,9.0,6.0,10.0,3.0,9343298,False,0,472.0
3822847290,14.0,2018-04-08 10:30:28,22.0,3.0,2.0,8.0,1.0,9343298,True,1,857.0
3823643519,5.0,2018-04-08 21:27:09,22.0,2.0,6.0,9.0,5.0,9343298,False,0,23017.0
3823719149,33.0,2018-04-08 23:19:34,4.0,0.0,5.0,19.0,2.0,9343298,True,1,4856.0
3824297694,14.0,2018-04-09 08:36:39,22.0,10.0,11.0,13.0,1.0,9343298,True,0,28248.0
3824598787,2.0,2018-04-09 11:32:46,4.0,7.0,14.0,8.0,2.0,9343298,True,0,1999.0
3824667364,37.0,2018-04-09 12:13:30,4.0,7.0,5.0,17.0,2.0,9343298,True,1,499.0
3825128953,87.0,2018-04-09 19:09:54,4.0,6.0,11.0,31.0,4.0,9343298,False,1,16400.0
3825163638,30.0,2018-04-09 20:07:32,4.0,6.0,13.0,7.0,5.0,9343298,True,0,543.0
3825217929,100.0,2018-04-09 21:43:23,4.0,12.0,7.0,2.0,1.0,9343298,True,0,3115.0
3825283546,114.0,2018-04-09 23:21:33,4.0,4.0,12.0,14.0,1.0,9343298,True,0,1096.0
3825424443,59.0,2018-04-10 02:13:00,4.0,14.0,5.0,7.0,1.0,9343298,True,1,2133.0
3825577214,14.0,2018-04-10 04:49:39,22.0,11.0,3.0,20.0,1.0,9343298,False,1,2604.0
3826647943,9.0,2018-04-10 18:35:09,22.0,2.0,6.0,15.0,2.0,9343298,False,0,48101.0
3826822800,26.0,2018-04-10 23:17:53,22.0,6.0,7.0,29.0,3.0,9343298,False,1,14714.0
3827155483,14.0,2018-04-11 05:17:55,22.0,2.0,6.0,6.0,1.0,9343298,True,0,1011.0
3828783195,14.0,2018-04-12 06:22:23,22.0,6.0,8.0,24.0,1.0,9343298,True,0,979.0
3830216655,14.0,2018-04-13 04:34:55,22.0,3.0,14.0,21.0,1.0,9343298,False,1,62587.0
3832929835,14.0,2018-04-14 14:07:50,22.0,9.0,5.0,9.0,1.0,9343298,True,0,22722.0
3833193630,3.0,2018-04-14 17:15:00,22.0,4.0,15.0,9.0,2.0,9343298,False,0,503.0
3833281944,57.0,2018-04-14 18:40:21,22.0,3.0,6.0,17.0,3.0,9343298,False,0,2386.0
3833329707,20.0,2018-04-14 19:36:27,22.0,3.0,9.0,17.0,2.0,9343298,True,0,505.0
3833367786,14.0,2018-04-14 20:26:46,22.0,1.0,13.0,26.0,1.0,9343298,False,1,762.0
3833420142,14.0,2018-04-14 21:44:01,22.0,3.0,9.0,12.0,1.0,9343298,True,1,787.0
3834703398,14.0,2018-04-15 12:56:06,22.0,5.0,7.0,9.0,1.0,9343298,False,0,8239.0
3834903402,14.0,2018-04-15 15:22:20,22.0,8.0,13.0,19.0,3.0,9343298,False,1,6562.0
3835089743,14.0,2018-04-15 18:25:44,22.0,6.0,11.0,9.0,3.0,9343298,True,0,7596.0
3835128944,51.0,2018-04-15 19:19:30,22.0,10.0,6.0,11.0,3.0,9343298,False,0,542.0
3835169782,25.0,2018-04-15 20:23:54,22.0,8.0,8.0,15.0,4.0,9343298,False,0,1728.0
3835210365,119.0,2018-04-15 21:32:34,22.0,9.0,7.0,23.0,4.0,9343298,False,0,556.0
3835796003,14.0,2018-04-16 08:16:44,22.0,3.0,7.0,17.0,2.0,9343298,True,1,36017.0
3835868087,97.0,2018-04-16 09:07:58,22.0,1.0,9.0,18.0,2.0,9343298,False,1,1055.0
3836383921,51.0,2018-04-16 14:47:50,22.0,3.0,6.0,27.0,3.0,9343298,True,1,17963.0
3836603353,14.0,2018-04-16 18:35:16,22.0,22.0,6.0,14.0,1.0,9343298,False,0,10516.0
3836717679,9.0,2018-04-16 21:46:20,22.0,6.0,3.0,14.0,5.0,9343298,True,1,7691.0
3837788373,33.0,2018-04-17 13:27:20,22.0,4.0,10.0,30.0,3.0,9343298,True,1,54007.0
3837886370,14.0,2018-04-17 14:45:12,22.0,6.0,3.0,18.0,3.0,9343298,True,1,854.0
3837985618,100.0,2018-04-17 16:14:18,22.0,2.0,14.0,16.0,3.0,9343298,False,0,2496.0
3838190437,23.0,2018-04-17 21:04:18,22.0,2.0,6.0,25.0,4.0,9343298,False,1,4090.0
3838217083,91.0,2018-04-17 21:50:45,22.0,5.0,3.0,26.0,4.0,9343298,False,1,455.0
3838269411,97.0,2018-04-17 23:11:09,22.0,3.0,11.0,28.0,3.0,9343298,True,1,2655.0
3839818325,10.0,2018-04-18 23:48:31,22.0,1.0,3.0,19.0,2.0,9343298,False,1,85308.0
3839875582,14.0,2018-04-19 01:02:02,22.0,5.0,17.0,27.0,2.0,9343298,True,1,1852.0
3840585851,14.0,2018-04-19 11:05:39,22.0,8.0,10.0,19.0,3.0,9343298,True,1,26674.0
3840678439,9.0,2018-04-19 11:58:25,22.0,7.0,6.0,19.0,3.0,9343298,False,1,612.0
3841200764,51.0,2018-04-19 20:32:54,22.0,15.0,3.0,22.0,1.0,9343298,True,1,28491.0
3841278524,51.0,2018-04-19 22:48:09,22.0,2.0,5.0,13.0,3.0,9343298,True,1,2952.0
3842074613,14.0,2018-04-20 10:48:28,22.0,6.0,7.0,17.0,3.0,9343298,False,1,40713.0
3842430307,14.0,2018-04-20 14:18:30,22.0,6.0,5.0,20.0,1.0,9343298,True,1,10213.0
3842877452,14.0,2018-04-20 22:28:29,22.0,4.0,9.0,6.0,2.0,9343298,True,0,521.0
3842912266,2.0,2018-04-20 23:10:59,22.0,7.0,8.0,5.0,2.0,9343298,False,0,559.0
3843001077,33.0,2018-04-21 00:46:04,22.0,4.0,6.0,24.0,3.0,9343298,True,1,3651.0
3844752720,14.0,2018-04-21 21:53:07,22.0,6.0,7.0,12.0,1.0,9343298,False,1,1749.0
3844791272,97.0,2018-04-21 22:41:50,22.0,1.0,2.0,19.0,2.0,9343298,True,1,776.0
3845814810,9.0,2018-04-22 10:38:46,22.0,1.0,7.0,12.0,1.0,9343298,True,0,623.0
3846089982,88.0,2018-04-22 13:16:25,4.0,8.0,9.0,10.0,1.0,9343298,False,0,2787.0
3846170225,5.0,2018-04-22 14:11:26,4.0,7.0,7.0,28.0,4.0,9343298,False,1,1061.0
3846234204,104.0,2018-04-22 14:59:34,4.0,2.0,6.0,14.0,4.0,9343298,False,1,500.0
3846307207,9.0,2018-04-22 15:59:23,4.0,7.0,2.0,22.0,4.0,9343298,True,1,1288.0
3846577958,35.0,2018-04-22 21:45:44,4.0,6.0,7.0,4.0,3.0,9343298,True,0,2091.0
3846605297,18.0,2018-04-22 22:28:11,4.0,9.0,9.0,16.0,4.0,9343298,True,0,609.0
3847560889,91.0,2018-04-23 12:31:41,4.0,0.0,2.0,13.0,2.0,9343298,True,1,48275.0
3847858231,14.0,2018-04-23 16:30:13,22.0,15.0,10.0,38.0,2.0,9343298,False,1,12980.0
3847922902,51.0,2018-04-23 17:42:06,22.0,4.0,3.0,23.0,2.0,9343298,False,1,810.0
3848046052,14.0,2018-04-23 20:53:27,22.0,9.0,2.0,10.0,2.0,9343298,True,1,5856.0
3848068717,14.0,2018-04-23 21:34:30,22.0,14.0,6.0,20.0,2.0,9343298,False,1,531.0
3848102137,88.0,2018-04-23 22:28:56,4.0,10.0,9.0,20.0,4.0,9343298,False,1,395.0
3848160522,4.0,2018-04-23 23:51:16,4.0,11.0,9.0,12.0,2.0,9343298,False,1,1740.0
3848204595,26.0,2018-04-24 00:50:00,4.0,3.0,8.0,8.0,2.0,9343298,False,1,639.0
3849543443,16.0,2018-04-24 20:49:46,4.0,5.0,11.0,19.0,4.0,9343298,False,1,69735.0
3849567025,81.0,2018-04-24 21:32:31,4.0,2.0,12.0,30.0,4.0,9343298,False,1,419.0
3849599535,18.0,2018-04-24 22:25:44,4.0,14.0,2.0,6.0,4.0,9343298,False,1,262.0
3851117885,14.0,2018-04-25 23:36:35,22.0,5.0,8.0,23.0,2.0,9343298,True,1,546.0
3852514321,23.0,2018-04-26 22:38:56,4.0,3.0,6.0,10.0,3.0,9343298,True,0,3735.0
3852540083,14.0,2018-04-26 23:18:32,22.0,5.0,3.0,13.0,2.0,9343298,True,1,429.0
3852572295,9.0,2018-04-27 00:11:42,22.0,3.0,7.0,12.0,2.0,9343298,False,0,856.0
3853577871,14.0,2018-04-27 13:54:56,22.0,3.0,14.0,16.0,2.0,9343298,False,0,47363.0
3853635689,97.0,2018-04-27 14:39:23,22.0,4.0,6.0,14.0,2.0,9343298,False,0,593.0
3854026680,91.0,2018-04-27 22:50:33,22.0,3.0,6.0,7.0,3.0,9343298,False,0,27851.0
3854057005,14.0,2018-04-27 23:31:40,22.0,5.0,10.0,23.0,4.0,9343298,True,0,769.0
3854104434,51.0,2018-04-28 00:29:48,22.0,13.0,4.0,34.0,4.0,9343298,True,1,649.0
3854144859,51.0,2018-04-28 01:16:46,22.0,6.0,4.0,19.0,4.0,9343298,True,1,577.0
3854253376,14.0,2018-04-28 03:06:49,22.0,2.0,3.0,13.0,1.0,9343298,False,1,4093.0
3854353385,14.0,2018-04-28 04:34:37,22.0,7.0,9.0,23.0,1.0,9343298,True,1,732.0
3855076512,14.0,2018-04-28 12:28:10,22.0,7.0,13.0,14.0,1.0,9343298,True,0,25620.0
3855391346,14.0,2018-04-28 15:57:00,22.0,0.0,7.0,8.0,2.0,9343298,False,0,9802.0
3855480539,66.0,2018-04-28 17:11:32,22.0,2.0,8.0,19.0,5.0,9343298,True,0,1898.0
3855753236,33.0,2018-04-28 22:53:36,22.0,4.0,3.0,18.0,1.0,9343298,True,1,16450.0
3855805897,9.0,2018-04-28 23:51:48,22.0,8.0,10.0,28.0,4.0,9343298,False,0,680.0
3855862741,14.0,2018-04-29 00:50:09,22.0,5.0,10.0,18.0,4.0,9343298,False,0,549.0
3855918722,6.0,2018-04-29 01:43:04,22.0,7.0,10.0,6.0,4.0,9343298,False,0,605.0
3856136251,97.0,2018-04-29 04:25:27,22.0,1.0,6.0,5.0,1.0,9343298,True,0,7486.0
3857543498,14.0,2018-04-29 21:17:49,22.0,3.0,4.0,8.0,1.0,9343298,True,0,58838.0
3857578332,91.0,2018-04-29 22:07:06,22.0,3.0,11.0,21.0,3.0,9343298,False,0,494.0
3857711394,14.0,2018-04-30 00:36:50,22.0,6.0,13.0,19.0,4.0,9343298,True,1,6286.0
3857767117,9.0,2018-04-30 01:32:54,22.0,5.0,4.0,10.0,3.0,9343298,True,1,517.0
3858683870,100.0,2018-04-30 11:26:56,22.0,7.0,15.0,23.0,2.0,9343298,False,0,32859.0
3859052528,71.0,2018-04-30 14:48:39,22.0,11.0,11.0,28.0,2.0,9343298,False,0,5390.0
3859330674,97.0,2018-04-30 18:48:38,22.0,4.0,8.0,19.0,5.0,9343298,False,0,11376.0
3859781486,14.0,2018-05-01 02:36:12,22.0,7.0,10.0,31.0,1.0,9343298,False,1,514.0
3861247385,51.0,2018-05-01 17:47:46,22.0,0.0,10.0,4.0,2.0,9343298,True,0,1142.0
3861361940,50.0,2018-05-01 20:02:18,22.0,4.0,12.0,28.0,2.0,9343298,False,1,6102.0
3861441646,5.0,2018-05-01 21:54:38,22.0,3.0,15.0,22.0,5.0,9343298,False,1,3311.0
3863114386,14.0,2018-05-02 20:29:03,22.0,3.0,14.0,20.0,3.0,9343298,True,0,2705.0
3863145693,7.0,2018-05-02 21:21:02,22.0,6.0,8.0,9.0,3.0,9343298,True,0,663.0
3864774759,119.0,2018-05-03 19:09:05,22.0,5.0,9.0,22.0,3.0,9343298,True,1,76501.0
3864817465,33.0,2018-05-03 20:18:17,22.0,3.0,7.0,17.0,4.0,9343298,False,1,1520.0
3864842278,14.0,2018-05-03 21:00:29,22.0,7.0,15.0,22.0,4.0,9343298,False,1,556.0
3865110685,14.0,2018-05-04 02:16:30,22.0,4.0,9.0,10.0,1.0,9343298,True,0,853.0
3866107516,32.0,2018-05-04 12:48:58,4.0,1.0,8.0,1.0,1.0,9343298,False,0,2073.0
3866327254,28.0,2018-05-04 15:10:22,4.0,4.0,3.0,13.0,1.0,9343298,True,1,6705.0
3866362003,28.0,2018-05-04 15:35:43,4.0,5.0,18.0,11.0,1.0,9343298,False,0,404.0
3866669057,14.0,2018-05-04 20:58:30,22.0,3.0,9.0,15.0,3.0,9343298,False,1,3638.0
3866708833,14.0,2018-05-04 21:53:23,22.0,5.0,11.0,13.0,4.0,9343298,False,0,807.0
3866756261,14.0,2018-05-04 22:49:18,22.0,1.0,7.0,8.0,5.0,9343298,True,1,872.0
3866795934,51.0,2018-05-04 23:28:46,22.0,11.0,7.0,20.0,5.0,9343298,False,1,478.0
3866848647,50.0,2018-05-05 00:16:41,22.0,2.0,7.0,14.0,3.0,9343298,False,1,543.0
3868545012,47.0,2018-05-05 15:36:19,4.0,14.0,5.0,15.0,2.0,9343298,True,1,52669.0
3868617246,111.0,2018-05-05 16:22:10,4.0,2.0,5.0,25.0,2.0,9343298,False,1,401.0
3868680177,105.0,2018-05-05 17:06:34,4.0,4.0,15.0,11.0,2.0,9343298,False,0,486.0
3868739488,87.0,2018-05-05 17:53:05,4.0,5.0,10.0,12.0,2.0,9343298,True,0,671.0
3868871259,86.0,2018-05-05 20:06:03,2.0,1.0,12.0,15.0,10.0,9343298,True,0,5989.0
3868908628,96.0,2018-05-05 20:52:01,4.0,3.0,8.0,31.0,5.0,9343298,True,0,894.0
3869136715,110.0,2018-05-06 00:28:37,4.0,9.0,11.0,28.0,3.0,9343298,False,0,2376.0
3869237391,7.0,2018-05-06 01:38:03,4.0,2.0,6.0,13.0,3.0,9343298,True,1,655.0
3869379220,33.0,2018-05-06 03:01:02,22.0,3.0,13.0,5.0,1.0,9343298,False,0,410.0
3871242568,14.0,2018-05-06 19:32:11,22.0,2.0,10.0,20.0,4.0,9343298,True,1,57506.0
3871286203,14.0,2018-05-06 20:30:53,22.0,9.0,6.0,20.0,4.0,9343298,True,1,1610.0
3871326046,5.0,2018-05-06 21:25:06,22.0,2.0,12.0,9.0,5.0,9343298,True,0,1053.0
3871364638,14.0,2018-05-06 22:14:53,22.0,2.0,9.0,5.0,2.0,9343298,False,0,684.0
3871438043,14.0,2018-05-06 23:34:14,22.0,8.0,6.0,17.0,2.0,9343298,True,1,3012.0
3873547785,108.0,2018-05-07 21:35:38,4.0,6.0,2.0,30.0,5.0,9343298,True,1,5458.0
3873620678,38.0,2018-05-07 22:59:33,4.0,4.0,8.0,16.0,2.0,9343298,True,1,3017.0
3875721323,14.0,2018-05-08 20:11:55,22.0,2.0,12.0,11.0,4.0,9343298,False,0,17607.0
3875839114,51.0,2018-05-08 23:01:54,22.0,16.0,5.0,19.0,1.0,9343298,False,1,7341.0
3875935265,14.0,2018-05-09 00:19:08,22.0,6.0,13.0,16.0,1.0,9343298,False,0,1649.0
3875996940,14.0,2018-05-09 01:18:23,22.0,8.0,11.0,18.0,1.0,9343298,True,1,705.0
3876096611,14.0,2018-05-09 02:33:22,22.0,8.0,13.0,10.0,1.0,9343298,True,0,994.0
3877978713,14.0,2018-05-09 19:39:40,22.0,6.0,9.0,15.0,5.0,9343298,False,0,7573.0
3878013625,9.0,2018-05-09 20:25:47,22.0,3.0,6.0,8.0,5.0,9343298,True,0,364.0
3878043212,3.0,2018-05-09 21:04:47,22.0,2.0,10.0,24.0,3.0,9343298,True,0,631.0
3878086002,97.0,2018-05-09 21:55:40,22.0,1.0,8.0,14.0,2.0,9343298,True,0,682.0
3878138925,31.0,2018-05-09 22:53:03,4.0,10.0,7.0,23.0,3.0,9343298,True,0,395.0
3880195531,14.0,2018-05-10 17:49:19,22.0,6.0,7.0,8.0,1.0,9343298,False,0,17421.0
3880312019,3.0,2018-05-10 19:15:41,22.0,4.0,9.0,8.0,2.0,9343298,True,0,1812.0
3880373408,3.0,2018-05-10 20:33:30,22.0,10.0,14.0,23.0,2.0,9343298,False,0,2408.0
3880424472,60.0,2018-05-10 21:48:14,4.0,10.0,0.0,26.0,3.0,9343298,False,1,1206.0
3880461463,68.0,2018-05-10 22:30:51,4.0,7.0,10.0,18.0,3.0,9343298,False,1,525.0
3880525062,3.0,2018-05-10 23:32:16,22.0,3.0,5.0,19.0,1.0,9343298,True,1,1215.0
3882800504,91.0,2018-05-11 19:28:39,24.0,1.0,6.0,18.0,2.0,9343298,False,1,53320.0
3882847372,89.0,2018-05-11 20:14:14,22.0,2.0,3.0,22.0,3.0,9343298,False,0,1040.0
3882959063,14.0,2018-05-11 21:37:46,22.0,14.0,13.0,21.0,3.0,9343298,True,1,2346.0
3883010055,14.0,2018-05-11 22:28:48,22.0,9.0,4.0,18.0,3.0,9343298,True,1,422.0
3883080145,20.0,2018-05-11 23:20:41,22.0,3.0,11.0,28.0,3.0,9343298,True,1,1093.0
3883157782,9.0,2018-05-12 00:15:54,22.0,7.0,10.0,20.0,3.0,9343298,True,1,522.0
3883250794,22.0,2018-05-12 01:15:07,22.0,5.0,14.0,27.0,3.0,9343298,False,1,455.0
3885669322,71.0,2018-05-12 20:03:24,2.0,6.0,6.0,12.0,10.0,9343298,False,0,64682.0
3885734533,89.0,2018-05-12 21:14:23,22.0,4.0,4.0,25.0,4.0,9343298,False,1,2497.0
3885791032,92.0,2018-05-12 22:09:25,22.0,7.0,18.0,19.0,4.0,9343298,True,0,604.0
3885921322,36.0,2018-05-12 23:48:31,22.0,11.0,11.0,11.0,3.0,9343298,False,0,1334.0
3888507000,75.0,2018-05-13 21:40:15,22.0,9.0,8.0,36.0,4.0,9343298,True,1,75231.0
3888626849,53.0,2018-05-13 23:40:41,22.0,10.0,6.0,13.0,1.0,9343298,True,1,692.0
3888824869,14.0,2018-05-14 02:22:10,22.0,8.0,5.0,12.0,1.0,9343298,True,1,7204.0
3890674548,14.0,2018-05-14 19:47:57,22.0,14.0,20.0,36.0,3.0,9343298,False,1,1090.0
3890749314,62.0,2018-05-14 21:25:31,22.0,12.0,15.0,20.0,4.0,9343298,False,0,779.0
3891025464,14.0,2018-05-15 01:44:30,22.0,5.0,4.0,13.0,1.0,9343298,False,1,910.0
3891199084,36.0,2018-05-15 03:51:11,23.0,2.0,8.0,4.0,3.0,9343298,False,0,1455.0
3892712837,11.0,2018-05-15 16:45:10,22.0,9.0,7.0,12.0,1.0,9343298,True,1,45252.0
3892964587,20.0,2018-05-15 21:02:25,22.0,2.0,7.0,13.0,5.0,9343298,True,1,1103.0
3892996374,5.0,2018-05-15 21:50:14,22.0,7.0,9.0,18.0,5.0,9343298,False,0,832.0
3894150866,120.0,2018-05-16 10:26:00,23.0,3.0,7.0,7.0,1.0,9343298,True,1,1816.0
3894801588,14.0,2018-05-16 15:32:22,22.0,9.0,14.0,13.0,1.0,9343298,True,0,468.0
3894961784,14.0,2018-05-16 17:37:22,22.0,9.0,6.0,15.0,1.0,9343298,False,1,4613.0
3895151515,36.0,2018-05-16 21:21:51,22.0,5.0,9.0,14.0,3.0,9343298,False,0,5006.0
3895199386,111.0,2018-05-16 22:22:02,22.0,9.0,9.0,18.0,4.0,9343298,True,1,524.0
3895365707,30.0,2018-05-17 00:56:31,22.0,10.0,4.0,12.0,1.0,9343298,True,1,3208.0
3897470649,96.0,2018-05-18 00:03:47,22.0,7.0,12.0,23.0,1.0,9343298,False,1,72860.0
3897756291,86.0,2018-05-18 03:55:18,22.0,2.0,11.0,12.0,2.0,9343298,True,0,5999.0
3897829647,36.0,2018-05-18 04:46:19,23.0,4.0,1.0,5.0,1.0,9343298,False,1,770.0
3897856674,110.0,2018-05-18 05:04:44,23.0,4.0,6.0,16.0,1.0,9343298,False,0,402.0
3897921021,92.0,2018-05-18 05:43:28,22.0,3.0,9.0,8.0,1.0,9343298,False,0,891.0
3899516814,92.0,2018-05-18 20:57:01,22.0,10.0,7.0,21.0,5.0,9343298,False,1,2471.0
3899573218,66.0,2018-05-18 22:03:21,22.0,5.0,8.0,22.0,5.0,9343298,True,1,1848.0
3899666780,52.0,2018-05-18 23:30:03,22.0,1.0,12.0,10.0,5.0,9343298,False,0,2096.0
3899717952,14.0,2018-05-19 00:11:32,22.0,5.0,15.0,18.0,4.0,9343298,False,0,497.0
3899785943,45.0,2018-05-19 01:04:18,22.0,11.0,9.0,8.0,4.0,9343298,True,0,590.0
3899846471,86.0,2018-05-19 01:47:12,22.0,3.0,7.0,15.0,3.0,9343298,True,0,661.0
3899918140,86.0,2018-05-19 02:33:53,22.0,2.0,7.0,17.0,1.0,9343298,False,1,581.0
3899999034,27.0,2018-05-19 03:23:02,22.0,1.0,7.0,8.0,1.0,9343298,False,0,515.0
3900175548,69.0,2018-05-19 04:59:42,23.0,10.0,3.0,13.0,1.0,9343298,False,0,803.0
3901378725,105.0,2018-05-19 13:43:46,23.0,12.0,6.0,6.0,1.0,9343298,False,0,29953.0
3901779431,56.0,2018-05-19 17:38:58,22.0,9.0,7.0,10.0,2.0,9343298,False,1,450.0
3901986773,7.0,2018-05-19 20:59:11,23.0,6.0,5.0,5.0,1.0,9343298,False,1,393.0
3902007501,44.0,2018-05-19 21:23:27,23.0,3.0,6.0,5.0,1.0,9343298,True,0,408.0
3902140053,79.0,2018-05-19 23:31:09,22.0,3.0,5.0,12.0,2.0,9343298,True,1,552.0
3902185428,102.0,2018-05-20 00:05:46,24.0,6.0,8.0,29.0,2.0,9343298,False,1,563.0
3902270733,14.0,2018-05-20 01:07:33,24.0,7.0,13.0,27.0,3.0,9343298,True,0,1247.0
3902321315,27.0,2018-05-20 01:40:54,22.0,7.0,17.0,16.0,3.0,9343298,True,0,421.0
3902607311,14.0,2018-05-20 04:26:35,22.0,13.0,12.0,20.0,1.0,9343298,True,1,454.0
3902782321,81.0,2018-05-20 05:49:07,23.0,10.0,8.0,14.0,1.0,9343298,False,1,1327.0
3902849425,78.0,2018-05-20 06:21:02,23.0,5.0,5.0,7.0,1.0,9343298,True,0,258.0
3903060665,27.0,2018-05-20 08:09:18,23.0,2.0,4.0,6.0,1.0,9343298,True,1,899.0
3903095620,16.0,2018-05-20 08:27:29,23.0,1.0,8.0,18.0,1.0,9343298,True,1,322.0
3903154475,26.0,2018-05-20 08:54:46,23.0,11.0,6.0,8.0,1.0,9343298,True,1,252.0
3904047980,65.0,2018-05-20 16:13:52,23.0,2.0,10.0,7.0,1.0,9343298,True,0,24693.0
3904082161,52.0,2018-05-20 16:39:33,23.0,11.0,5.0,9.0,1.0,9343298,True,1,282.0
3904150497,44.0,2018-05-20 17:35:50,23.0,11.0,7.0,14.0,3.0,9343298,False,1,403.0
3904191512,105.0,2018-05-20 18:14:38,23.0,5.0,6.0,3.0,3.0,9343298,True,0,399.0
3904212697,31.0,2018-05-20 18:36:00,23.0,5.0,5.0,5.0,3.0,9343298,True,0,255.0
3904263417,107.0,2018-05-20 19:31:56,23.0,1.0,12.0,12.0,2.0,9343298,False,0,1927.0
3904290142,21.0,2018-05-20 20:04:39,23.0,4.0,2.0,7.0,3.0,9343298,False,0,508.0
3904512411,21.0,2018-05-21 00:25:10,23.0,3.0,3.0,2.0,1.0,9343298,False,0,1298.0
3913954822,14.0,2018-05-25 18:56:37,22.0,10.0,11.0,21.0,3.0,9343298,True,0,1447.0
3914105475,103.0,2018-05-25 22:04:08,22.0,5.0,8.0,18.0,5.0,9343298,False,1,4741.0
3914195055,39.0,2018-05-25 23:37:47,23.0,6.0,7.0,12.0,3.0,9343298,True,0,236.0
3914327650,14.0,2018-05-26 01:29:36,22.0,13.0,10.0,18.0,1.0,9343298,True,0,2327.0
3915553393,14.0,2018-05-26 12:56:01,22.0,7.0,10.0,17.0,1.0,9343298,True,1,767.0
3916157093,14.0,2018-05-26 20:06:02,2.0,5.0,9.0,18.0,10.0,9343298,False,1,10408.0
3916217882,60.0,2018-05-26 21:20:00,2.0,3.0,12.0,14.0,10.0,9343298,True,1,994.0
3916273086,7.0,2018-05-26 22:24:02,2.0,2.0,8.0,3.0,10.0,9343298,True,0,885.0
3916582965,50.0,2018-05-27 02:41:41,23.0,3.0,4.0,12.0,3.0,9343298,False,1,276.0
3916692006,14.0,2018-05-27 03:47:16,22.0,7.0,5.0,18.0,1.0,9343298,True,1,497.0
3916785380,14.0,2018-05-27 04:38:29,22.0,3.0,11.0,10.0,1.0,9343298,False,1,893.0
3918392131,19.0,2018-05-27 22:15:44,23.0,2.0,8.0,10.0,2.0,9343298,False,0,7763.0
3918477323,14.0,2018-05-28 00:04:14,22.0,5.0,10.0,22.0,1.0,9343298,False,1,1975.0
3918523062,14.0,2018-05-28 00:54:24,22.0,11.0,8.0,16.0,1.0,9343298,True,1,740.0
3918613434,88.0,2018-05-28 02:19:34,22.0,6.0,6.0,5.0,1.0,9343298,True,1,468.0
3918666406,14.0,2018-05-28 03:06:15,22.0,4.0,4.0,10.0,1.0,9343298,True,1,929.0
3919927013,51.0,2018-05-28 15:33:49,22.0,20.0,6.0,25.0,1.0,9343298,False,1,3174.0
3920089779,28.0,2018-05-28 17:44:26,23.0,3.0,8.0,16.0,3.0,9343298,False,1,5172.0
3920125412,74.0,2018-05-28 18:20:25,23.0,1.0,5.0,3.0,4.0,9343298,False,0,581.0
3920139872,74.0,2018-05-28 18:36:05,23.0,2.0,7.0,11.0,4.0,9343298,True,0,271.0
3920163732,35.0,2018-05-28 19:03:32,23.0,11.0,7.0,12.0,5.0,9343298,True,0,313.0
3920205836,19.0,2018-05-28 19:57:45,23.0,5.0,0.0,5.0,3.0,9343298,False,0,1159.0
3920228401,108.0,2018-05-28 20:29:14,23.0,2.0,3.0,10.0,4.0,9343298,True,1,613.0
3920247836,90.0,2018-05-28 20:56:49,23.0,1.0,4.0,12.0,5.0,9343298,False,0,319.0
3920269191,2.0,2018-05-28 21:26:39,23.0,10.0,3.0,16.0,5.0,9343298,False,1,284.0
3920287255,14.0,2018-05-28 21:51:18,23.0,5.0,4.0,19.0,5.0,9343298,False,1,229.0
3920307281,55.0,2018-05-28 22:17:56,23.0,4.0,9.0,9.0,5.0,9343298,True,0,259.0
3920442113,100.0,2018-05-29 00:51:13,23.0,10.0,5.0,9.0,1.0,9343298,False,1,826.0
3922047455,99.0,2018-05-29 18:27:36,23.0,5.0,4.0,8.0,4.0,9343298,False,1,722.0
3922072910,35.0,2018-05-29 18:57:21,23.0,4.0,8.0,10.0,5.0,9343298,True,0,449.0
3922095824,19.0,2018-05-29 19:26:02,23.0,5.0,8.0,13.0,5.0,9343298,True,0,261.0
3922117519,35.0,2018-05-29 19:59:39,23.0,1.0,8.0,13.0,5.0,9343298,False,0,583.0
3922146021,90.0,2018-05-29 20:48:07,23.0,3.0,5.0,7.0,2.0,9343298,True,0,1627.0
3922501808,70.0,2018-05-30 03:25:37,23.0,9.0,7.0,9.0,1.0,9343298,False,0,275.0
3923868167,51.0,2018-05-30 17:37:19,22.0,6.0,15.0,21.0,5.0,9343298,False,1,41712.0
3923950633,38.0,2018-05-30 19:05:45,23.0,5.0,6.0,8.0,3.0,9343298,False,0,1803.0
3924002680,70.0,2018-05-30 20:15:07,23.0,8.0,4.0,8.0,2.0,9343298,False,1,2650.0
3924023222,90.0,2018-05-30 20:44:34,23.0,2.0,2.0,13.0,4.0,9343298,True,1,564.0
3924039672,19.0,2018-05-30 21:08:45,23.0,11.0,6.0,11.0,4.0,9343298,False,0,251.0
3924064129,38.0,2018-05-30 21:44:13,23.0,9.0,6.0,19.0,3.0,9343298,True,1,303.0
3924089102,19.0,2018-05-30 22:17:27,23.0,6.0,4.0,17.0,5.0,9343298,True,1,573.0
3924112830,73.0,2018-05-30 22:46:30,23.0,4.0,4.0,15.0,5.0,9343298,False,0,367.0
3924137950,8.0,2018-05-30 23:14:43,23.0,15.0,5.0,8.0,5.0,9343298,True,1,250.0
3924174699,43.0,2018-05-30 23:53:06,23.0,4.0,4.0,15.0,3.0,9343298,True,1,396.0
3924214029,6.0,2018-05-31 00:32:22,23.0,5.0,2.0,5.0,5.0,9343298,False,1,747.0
3924236144,4.0,2018-05-31 00:54:31,23.0,12.0,3.0,9.0,5.0,9343298,True,1,316.0
3924268057,47.0,2018-05-31 01:23:47,23.0,9.0,4.0,13.0,5.0,9343298,False,1,341.0
3924301070,41.0,2018-05-31 01:52:31,23.0,14.0,6.0,19.0,5.0,9343298,True,0,279.0
3924355002,104.0,2018-05-31 02:37:36,23.0,10.0,10.0,14.0,5.0,9343298,True,0,288.0
3927342055,14.0,2018-06-01 13:35:30,24.0,10.0,17.0,35.0,2.0,9343298,True,1,86400.0
3927648502,104.0,2018-06-01 16:58:29,23.0,2.0,8.0,7.0,4.0,9343298,False,0,366.0
3927713145,41.0,2018-06-01 17:52:32,23.0,8.0,4.0,9.0,4.0,9343298,True,0,248.0
3927809188,104.0,2018-06-01 19:31:57,23.0,1.0,7.0,11.0,3.0,9343298,True,0,1032.0
3928025794,41.0,2018-06-01 23:58:27,23.0,5.0,6.0,8.0,1.0,9343298,True,0,7782.0
3928212706,81.0,2018-06-02 03:45:39,22.0,8.0,10.0,5.0,1.0,9343298,False,0,1671.0
3929649673,51.0,2018-06-02 16:50:47,22.0,14.0,12.0,26.0,1.0,9343298,True,0,2848.0
3930122387,82.0,2018-06-03 00:30:46,23.0,0.0,6.0,2.0,3.0,9343298,False,0,283.0
3930248069,42.0,2018-06-03 02:13:15,23.0,5.0,5.0,10.0,1.0,9343298,False,1,498.0
3930446573,14.0,2018-06-03 04:23:01,22.0,8.0,10.0,14.0,2.0,9343298,False,1,1462.0
3931689109,51.0,2018-06-03 15:32:52,22.0,6.0,13.0,18.0,3.0,9343298,False,0,646.0
3931764501,23.0,2018-06-03 16:28:57,23.0,7.0,11.0,19.0,3.0,9343298,True,0,481.0
3932098940,51.0,2018-06-03 22:44:07,22.0,10.0,3.0,18.0,1.0,9343298,False,1,8877.0
3932237242,16.0,2018-06-04 01:30:25,22.0,2.0,10.0,12.0,1.0,9343298,True,1,1052.0
3932290712,51.0,2018-06-04 02:24:23,22.0,3.0,15.0,22.0,2.0,9343298,False,0,724.0
3932409534,83.0,2018-06-04 04:12:42,22.0,0.0,6.0,6.0,2.0,9343298,False,0,889.0
3934471867,14.0,2018-06-05 07:47:29,22.0,13.0,10.0,15.0,1.0,9343298,True,0,86400.0
3936031290,51.0,2018-06-06 05:01:42,22.0,4.0,5.0,20.0,1.0,9343298,False,1,2131.0
3937054993,51.0,2018-06-06 15:37:24,22.0,9.0,13.0,19.0,1.0,9343298,False,0,30614.0
3937313236,91.0,2018-06-06 20:08:46,23.0,2.0,10.0,20.0,3.0,9343298,False,0,9397.0
3937351588,27.0,2018-06-06 20:55:41,22.0,6.0,6.0,7.0,2.0,9343298,False,1,1015.0
3937376029,51.0,2018-06-06 21:34:50,22.0,8.0,17.0,23.0,1.0,9343298,True,1,459.0
3937708171,51.0,2018-06-07 04:11:19,22.0,6.0,6.0,16.0,1.0,9343298,True,1,350.0
3938972673,2.0,2018-06-07 17:51:06,22.0,0.0,8.0,2.0,1.0,9343298,False,0,533.0
3939082540,14.0,2018-06-07 20:20:25,22.0,5.0,3.0,14.0,3.0,9343298,True,1,4919.0
3939110864,23.0,2018-06-07 21:02:49,22.0,1.0,8.0,1.0,3.0,9343298,True,0,931.0
3939121128,9.0,2018-06-07 21:21:12,22.0,7.0,4.0,28.0,3.0,9343298,True,1,234.0
3939268814,30.0,2018-06-08 00:26:27,22.0,4.0,13.0,19.0,1.0,9343298,True,0,1953.0
3939473680,33.0,2018-06-08 03:39:16,22.0,4.0,4.0,12.0,2.0,9343298,True,1,904.0
3939532759,14.0,2018-06-08 04:26:00,22.0,4.0,2.0,17.0,3.0,9343298,True,1,635.0
3939603970,9.0,2018-06-08 05:18:29,22.0,13.0,3.0,18.0,5.0,9343298,False,1,1082.0
3941210993,51.0,2018-06-09 00:14:13,22.0,5.0,15.0,22.0,2.0,9343298,True,1,4041.0
3941288782,26.0,2018-06-09 01:25:18,22.0,2.0,5.0,0.0,2.0,9343298,True,0,420.0
3941334991,51.0,2018-06-09 02:02:35,22.0,12.0,12.0,30.0,1.0,9343298,False,1,477.0
3941478946,5.0,2018-06-09 03:46:00,22.0,6.0,8.0,18.0,1.0,9343298,True,1,512.0
3943151598,33.0,2018-06-09 22:03:18,22.0,8.0,5.0,25.0,1.0,9343298,False,1,594.0
3943268001,30.0,2018-06-10 00:02:11,22.0,4.0,10.0,14.0,2.0,9343298,True,0,702.0
3943329297,33.0,2018-06-10 01:00:03,22.0,2.0,5.0,5.0,2.0,9343298,True,1,844.0
3943569921,4.0,2018-06-10 03:34:27,23.0,12.0,15.0,5.0,1.0,9343298,False,0,4057.0
3943647850,111.0,2018-06-10 04:20:26,22.0,6.0,2.0,35.0,2.0,9343298,True,1,233.0
3943717988,44.0,2018-06-10 04:58:33,23.0,6.0,4.0,4.0,3.0,9343298,False,1,380.0
3943771190,14.0,2018-06-10 05:27:12,22.0,6.0,12.0,19.0,2.0,9343298,True,0,475.0
3947315005,111.0,2018-06-11 23:13:29,22.0,8.0,8.0,17.0,5.0,9343298,True,0,939.0
3947363437,33.0,2018-06-12 00:02:07,22.0,4.0,8.0,20.0,1.0,9343298,True,1,521.0
3947506249,51.0,2018-06-12 02:12:51,22.0,4.0,9.0,32.0,1.0,9343298,False,1,626.0
3947594248,51.0,2018-06-12 03:24:00,22.0,4.0,11.0,10.0,1.0,9343298,False,0,1488.0
3947709553,33.0,2018-06-12 04:47:57,22.0,5.0,4.0,20.0,1.0,9343298,True,1,416.0
3949252675,51.0,2018-06-12 23:33:28,22.0,1.0,10.0,19.0,1.0,9343298,True,1,63226.0
3949302416,14.0,2018-06-13 00:40:10,22.0,8.0,9.0,22.0,1.0,9343298,True,0,895.0
3949361440,111.0,2018-06-13 01:59:29,22.0,9.0,7.0,9.0,1.0,9343298,False,0,486.0
3949395887,111.0,2018-06-13 02:38:38,22.0,10.0,7.0,24.0,1.0,9343298,True,1,437.0
3949590371,14.0,2018-06-13 05:07:41,22.0,7.0,2.0,19.0,1.0,9343298,True,1,1183.0
3949659098,9.0,2018-06-13 05:50:41,22.0,9.0,8.0,18.0,1.0,9343298,True,1,670.0
3950070164,111.0,2018-06-13 09:37:34,22.0,8.0,10.0,21.0,1.0,9343298,True,0,10828.0
3950199615,33.0,2018-06-13 10:33:27,22.0,1.0,9.0,11.0,1.0,9343298,False,0,433.0
3950302651,51.0,2018-06-13 11:17:14,22.0,8.0,9.0,20.0,1.0,9343298,True,1,449.0
3950739070,14.0,2018-06-13 15:17:33,22.0,6.0,9.0,15.0,2.0,9343298,False,0,607.0
3950806111,33.0,2018-06-13 16:08:05,22.0,4.0,1.0,13.0,3.0,9343298,True,1,1051.0
3951579494,51.0,2018-06-14 05:09:20,22.0,4.0,4.0,15.0,1.0,9343298,True,0,563.0
3951714835,51.0,2018-06-14 06:40:58,22.0,5.0,12.0,18.0,1.0,9343298,False,0,429.0
3951822879,73.0,2018-06-14 07:50:03,22.0,17.0,10.0,10.0,1.0,9343298,False,0,1289.0
3952262063,111.0,2018-06-14 11:32:36,22.0,4.0,7.0,19.0,1.0,9343298,False,1,2179.0
3952347732,111.0,2018-06-14 12:17:05,22.0,8.0,8.0,26.0,1.0,9343298,False,1,655.0
3952463346,26.0,2018-06-14 13:26:28,22.0,2.0,8.0,11.0,2.0,9343298,True,0,1097.0
3952536630,111.0,2018-06-14 14:15:21,22.0,7.0,5.0,12.0,3.0,9343298,True,0,726.0
3953226441,14.0,2018-06-15 02:02:50,22.0,8.0,4.0,15.0,1.0,9343298,True,1,1707.0
3953359081,111.0,2018-06-15 03:50:30,22.0,10.0,0.0,15.0,1.0,9343298,False,1,251.0
3953550336,102.0,2018-06-15 06:01:55,22.0,1.0,7.0,6.0,1.0,9343298,False,0,2489.0
3954001774,111.0,2018-06-15 10:24:18,23.0,2.0,9.0,17.0,1.0,9343298,True,0,568.0
3954815185,111.0,2018-06-15 19:21:58,22.0,0.0,5.0,5.0,2.0,9343298,False,0,30705.0
3954839665,111.0,2018-06-15 19:51:35,22.0,7.0,8.0,26.0,3.0,9343298,False,1,469.0
3954886586,111.0,2018-06-15 20:58:44,22.0,4.0,1.0,14.0,5.0,9343298,True,1,1153.0
3954936165,31.0,2018-06-15 22:09:26,22.0,1.0,8.0,7.0,5.0,9343298,False,0,820.0
3954978268,14.0,2018-06-15 22:58:26,22.0,0.0,8.0,5.0,5.0,9343298,False,0,596.0
3955031426,111.0,2018-06-15 23:51:30,22.0,12.0,6.0,29.0,5.0,9343298,True,1,937.0
3955142899,111.0,2018-06-16 01:32:01,22.0,5.0,14.0,17.0,2.0,9343298,True,1,350.0
3955294947,111.0,2018-06-16 03:24:13,22.0,2.0,9.0,20.0,1.0,9343298,True,1,3613.0
3955390983,14.0,2018-06-16 04:26:03,22.0,4.0,11.0,16.0,3.0,9343298,True,0,1291.0
3955481499,9.0,2018-06-16 05:20:54,22.0,6.0,8.0,13.0,2.0,9343298,False,1,1312.0
3957224632,111.0,2018-06-17 01:38:04,22.0,8.0,4.0,20.0,1.0,9343298,False,1,585.0
3957286343,111.0,2018-06-17 02:24:29,22.0,4.0,1.0,8.0,1.0,9343298,True,1,427.0
3957367167,111.0,2018-06-17 03:19:13,22.0,6.0,5.0,21.0,1.0,9343298,True,1,1915.0
3957527687,14.0,2018-06-17 04:56:15,22.0,8.0,13.0,14.0,1.0,9343298,True,0,1602.0
3959294710,91.0,2018-06-18 02:11:05,22.0,3.0,5.0,29.0,2.0,9343298,False,1,68787.0
3959653019,111.0,2018-06-18 06:23:45,22.0,9.0,7.0,18.0,1.0,9343298,True,1,1048.0
3959777863,111.0,2018-06-18 07:44:13,22.0,3.0,7.0,8.0,1.0,9343298,True,0,2276.0
3959957189,14.0,2018-06-18 09:31:46,22.0,5.0,13.0,12.0,1.0,9343298,True,0,1569.0
3960058150,111.0,2018-06-18 10:26:09,22.0,2.0,7.0,14.0,1.0,9343298,False,0,520.0
3960989627,111.0,2018-06-19 00:28:54,22.0,10.0,10.0,20.0,1.0,9343298,False,1,487.0
3961032594,111.0,2018-06-19 01:20:53,22.0,5.0,8.0,12.0,1.0,9343298,True,1,488.0
3961086513,27.0,2018-06-19 02:22:10,22.0,5.0,12.0,12.0,1.0,9343298,False,0,584.0
3961153831,111.0,2018-06-19 03:29:28,22.0,3.0,7.0,10.0,1.0,9343298,False,0,1786.0
3961217489,14.0,2018-06-19 04:28:01,22.0,9.0,8.0,26.0,1.0,9343298,True,1,1596.0
3961291990,32.0,2018-06-19 05:29:16,22.0,20.0,13.0,24.0,1.0,9343298,False,1,823.0
3961531384,111.0,2018-06-19 08:22:10,22.0,8.0,10.0,20.0,1.0,9343298,False,1,560.0
3961739673,111.0,2018-06-19 10:26:33,22.0,5.0,6.0,19.0,1.0,9343298,False,1,4343.0
3961845228,111.0,2018-06-19 11:22:54,22.0,5.0,9.0,8.0,1.0,9343298,False,0,1064.0
3962023518,111.0,2018-06-19 13:10:58,22.0,5.0,7.0,14.0,1.0,9343298,False,0,4007.0
3962464327,111.0,2018-06-19 21:22:29,22.0,5.0,5.0,19.0,1.0,9343298,False,1,24813.0
3962573022,14.0,2018-06-19 23:45:58,22.0,8.0,13.0,16.0,2.0,9343298,False,0,957.0
3962793621,9.0,2018-06-20 03:36:44,22.0,3.0,1.0,6.0,4.0,9343298,True,1,466.0
3963188762,111.0,2018-06-20 08:31:10,22.0,9.0,10.0,28.0,1.0,9343298,True,1,780.0
3963647579,111.0,2018-06-20 12:50:04,22.0,9.0,9.0,24.0,1.0,9343298,True,0,455.0
3963751991,111.0,2018-06-20 14:00:24,22.0,9.0,10.0,29.0,1.0,9343298,True,1,628.0
3963824750,111.0,2018-06-20 14:54:43,22.0,9.0,6.0,12.0,1.0,9343298,False,1,414.0
3963869129,111.0,2018-06-20 15:32:11,22.0,9.0,8.0,25.0,1.0,9343298,False,1,444.0
3964010560,111.0,2018-06-20 17:40:53,22.0,2.0,11.0,18.0,1.0,9343298,True,0,673.0
3964068178,73.0,2018-06-20 18:43:32,22.0,5.0,13.0,13.0,4.0,9343298,True,1,78.0
3964717059,111.0,2018-06-21 06:21:42,22.0,13.0,3.0,23.0,2.0,9343298,True,1,15.0
3964938607,111.0,2018-06-21 08:51:05,22.0,6.0,6.0,8.0,1.0,9343298,True,0,489.0
3964999306,111.0,2018-06-21 09:27:12,22.0,3.0,4.0,13.0,1.0,9343298,True,0,418.0
3965454280,111.0,2018-06-21 13:49:15,22.0,9.0,12.0,31.0,1.0,9343298,True,1,461.0
3965572261,111.0,2018-06-21 15:15:20,22.0,6.0,7.0,18.0,4.0,9343298,True,0,2131.0
3965872810,111.0,2018-06-21 20:48:39,22.0,6.0,10.0,25.0,2.0,9343298,False,0,5910.0
3965905510,87.0,2018-06-21 21:39:32,22.0,10.0,14.0,26.0,2.0,9343298,False,1,678.0
3965969677,14.0,2018-06-21 23:08:50,22.0,9.0,11.0,23.0,3.0,9343298,True,1,853.0
3966911562,111.0,2018-06-22 11:11:19,22.0,14.0,8.0,31.0,2.0,9343298,False,0,39975.0
3967144327,30.0,2018-06-22 13:13:21,22.0,2.0,7.0,3.0,2.0,9343298,False,0,2857.0
3967368694,111.0,2018-06-22 15:50:55,22.0,7.0,5.0,10.0,1.0,9343298,True,0,597.0
3971223748,59.0,2018-06-24 14:31:35,22.0,13.0,12.0,11.0,1.0,9343298,False,1,49526.0
3971572538,111.0,2018-06-24 19:52:36,22.0,5.0,7.0,14.0,1.0,9343298,False,0,2500.0
3971645954,33.0,2018-06-24 21:42:33,22.0,3.0,5.0,5.0,2.0,9343298,True,0,4137.0
3971801892,14.0,2018-06-25 01:06:26,22.0,7.0,7.0,13.0,2.0,9343298,True,0,625.0
3972886086,111.0,2018-06-25 14:03:18,22.0,4.0,6.0,7.0,1.0,9343298,True,0,449.0
3972971156,14.0,2018-06-25 15:06:30,22.0,17.0,8.0,20.0,4.0,9343298,True,1,2269.0
3973165740,111.0,2018-06-25 18:07:02,22.0,4.0,5.0,9.0,1.0,9343298,True,0,7515.0
3973199714,14.0,2018-06-25 18:45:52,22.0,4.0,10.0,16.0,1.0,9343298,False,1,470.0
3973238621,14.0,2018-06-25 19:37:27,22.0,2.0,9.0,8.0,3.0,9343298,False,1,521.0
3973271802,111.0,2018-06-25 20:26:55,22.0,6.0,10.0,24.0,4.0,9343298,False,1,725.0
3973309743,86.0,2018-06-25 21:24:47,22.0,3.0,10.0,17.0,3.0,9343298,True,1,738.0
3975042801,14.0,2018-06-26 22:14:13,23.0,5.0,8.0,11.0,3.0,9343298,True,0,822.0
3975060947,35.0,2018-06-26 22:39:28,23.0,10.0,3.0,10.0,4.0,9343298,False,1,320.0
3975079100,21.0,2018-06-26 23:03:02,23.0,16.0,7.0,14.0,4.0,9343298,True,1,371.0
3976573065,9.0,2018-06-27 18:38:43,22.0,6.0,8.0,11.0,3.0,9343298,False,0,1260.0
3976603870,111.0,2018-06-27 19:22:35,22.0,6.0,1.0,10.0,1.0,9343298,False,1,570.0
3976636612,111.0,2018-06-27 20:10:30,22.0,1.0,8.0,13.0,3.0,9343298,True,0,1444.0
3976666731,14.0,2018-06-27 20:57:17,22.0,0.0,6.0,3.0,3.0,9343298,False,0,489.0
3976771195,14.0,2018-06-27 23:25:42,22.0,9.0,4.0,17.0,1.0,9343298,True,1,1072.0
3976806070,59.0,2018-06-28 00:07:04,22.0,10.0,4.0,7.0,1.0,9343298,False,1,797.0
3978342841,14.0,2018-06-28 19:52:50,22.0,5.0,14.0,19.0,2.0,9343298,True,1,69433.0
3978384497,55.0,2018-06-28 20:53:32,23.0,1.0,6.0,10.0,2.0,9343298,False,0,588.0
3978417365,60.0,2018-06-28 21:40:52,4.0,3.0,10.0,6.0,3.0,9343298,False,0,1479.0
3978447740,89.0,2018-06-28 22:22:16,4.0,1.0,5.0,7.0,3.0,9343298,False,0,585.0
3978476189,27.0,2018-06-28 22:58:28,4.0,6.0,9.0,16.0,3.0,9343298,True,0,831.0
3978615920,14.0,2018-06-29 01:35:06,22.0,15.0,5.0,12.0,3.0,9343298,True,1,6849.0
3978658674,23.0,2018-06-29 02:18:08,22.0,3.0,4.0,12.0,2.0,9343298,True,0,919.0
3978704335,55.0,2018-06-29 03:01:52,23.0,2.0,5.0,4.0,2.0,9343298,False,0,418.0
3983411142,25.0,2018-07-01 12:01:57,23.0,5.0,3.0,10.0,3.0,9343298,False,1,-147.0
3983704361,70.0,2018-07-01 15:35:17,23.0,18.0,2.0,12.0,3.0,9343298,True,1,-267.0
3983755331,14.0,2018-07-01 16:17:19,22.0,8.0,12.0,20.0,5.0,9343298,True,0,571.0
3983911777,111.0,2018-07-01 18:52:50,22.0,9.0,5.0,19.0,2.0,9343298,True,1,6476.0
3984056803,111.0,2018-07-01 22:23:08,22.0,16.0,2.0,21.0,1.0,9343298,False,1,6501.0
3985788559,14.0,2018-07-03 00:37:50,22.0,11.0,11.0,19.0,3.0,9343298,True,1,1316.0
3985839691,33.0,2018-07-03 01:39:58,22.0,3.0,8.0,5.0,3.0,9343298,False,0,970.0
3986877681,9.0,2018-07-03 14:05:24,22.0,12.0,9.0,20.0,3.0,9343298,True,1,688.0
3986986211,14.0,2018-07-03 15:29:29,22.0,8.0,12.0,25.0,5.0,9343298,True,0,1464.0
3987184817,86.0,2018-07-03 18:51:34,22.0,3.0,5.0,19.0,4.0,9343298,False,1,345.0
3987224303,67.0,2018-07-03 19:41:49,23.0,4.0,3.0,9.0,1.0,9343298,False,1,722.0
3987295766,70.0,2018-07-03 21:22:58,22.0,13.0,4.0,8.0,4.0,9343298,False,1,-42.0
3987433449,14.0,2018-07-04 00:18:05,22.0,15.0,5.0,25.0,1.0,9343298,True,1,3198.0
3987597620,59.0,2018-07-04 03:14:20,22.0,21.0,5.0,8.0,2.0,9343298,False,0,8150.0
3989095937,14.0,2018-07-04 23:01:03,22.0,12.0,12.0,15.0,1.0,9343298,True,0,68655.0
3990205508,14.0,2018-07-05 13:21:00,22.0,11.0,8.0,6.0,1.0,9343298,False,0,48713.0
3990286153,49.0,2018-07-05 14:19:44,22.0,9.0,6.0,20.0,2.0,9343298,True,1,1502.0
3990517375,14.0,2018-07-05 17:27:31,22.0,16.0,10.0,14.0,3.0,9343298,True,0,8388.0
3990581474,32.0,2018-07-05 18:31:28,22.0,18.0,4.0,15.0,5.0,9343298,False,1,1250.0
3990700027,111.0,2018-07-05 21:12:38,22.0,10.0,10.0,16.0,1.0,9343298,False,0,7187.0
3992303749,26.0,2018-07-06 19:06:31,23.0,6.0,4.0,10.0,2.0,9343298,False,0,380.0
3994484644,111.0,2018-07-08 01:23:21,22.0,17.0,15.0,22.0,1.0,9343298,True,0,79839.0
3996504912,2.0,2018-07-09 04:33:24,22.0,7.0,10.0,1.0,1.0,9343298,False,0,982.0
3996554418,14.0,2018-07-09 05:16:05,22.0,6.0,6.0,22.0,1.0,9343298,False,1,946.0
3997611388,111.0,2018-07-09 17:52:54,22.0,13.0,4.0,13.0,1.0,9343298,False,1,7221.0
3997698508,14.0,2018-07-09 19:38:52,22.0,17.0,12.0,16.0,2.0,9343298,False,1,253.0
3997784126,9.0,2018-07-09 21:50:23,22.0,8.0,8.0,9.0,2.0,9343298,True,0,5077.0
3997815549,14.0,2018-07-09 22:36:07,22.0,10.0,3.0,20.0,5.0,9343298,True,1,653.0
3997852836,71.0,2018-07-09 23:25:51,22.0,4.0,3.0,21.0,5.0,9343298,False,1,523.0
4001220261,6.0,2018-07-12 01:43:35,23.0,3.0,4.0,12.0,1.0,9343298,True,1,4221.0
4001349194,111.0,2018-07-12 03:59:39,22.0,11.0,6.0,32.0,4.0,9343298,True,1,750.0
4004406650,9.0,2018-07-13 23:44:51,22.0,6.0,3.0,18.0,1.0,9343298,True,1,1419.0
4006381280,14.0,2018-07-15 01:23:31,22.0,11.0,13.0,20.0,1.0,9343298,False,0,943.0
4006560628,72.0,2018-07-15 03:44:38,23.0,3.0,5.0,4.0,2.0,9343298,False,0,468.0
4007013571,14.0,2018-07-15 08:32:20,23.0,1.0,3.0,0.0,1.0,9343298,False,0,577.0
4007659487,33.0,2018-07-15 15:44:21,22.0,3.0,15.0,9.0,3.0,9343298,False,0,25444.0
4007849456,14.0,2018-07-15 18:42:52,22.0,11.0,6.0,22.0,5.0,9343298,True,1,4562.0
4007959948,14.0,2018-07-15 21:19:25,22.0,7.0,13.0,16.0,4.0,9343298,False,1,1380.0
4007993368,14.0,2018-07-15 22:11:19,22.0,13.0,10.0,12.0,4.0,9343298,False,0,719.0
4008315785,20.0,2018-07-16 04:34:19,22.0,12.0,9.0,7.0,3.0,9343298,False,0,20556.0
4009453636,14.0,2018-07-16 19:16:04,23.0,10.0,3.0,25.0,1.0,9343298,True,1,312.0
4009545715,14.0,2018-07-16 21:37:23,22.0,12.0,14.0,28.0,4.0,9343298,True,1,782.0
4009794242,14.0,2018-07-17 02:46:22,23.0,7.0,8.0,16.0,1.0,9343298,False,1,15888.0
4009864941,23.0,2018-07-17 03:56:33,22.0,8.0,11.0,7.0,1.0,9343298,True,0,861.0
4009924012,23.0,2018-07-17 04:50:35,23.0,2.0,5.0,4.0,1.0,9343298,False,0,464.0
4009960384,14.0,2018-07-17 05:21:25,23.0,1.0,8.0,4.0,1.0,9343298,True,1,433.0
4009989011,14.0,2018-07-17 05:45:08,23.0,6.0,11.0,12.0,1.0,9343298,True,0,334.0
4010975746,97.0,2018-07-17 17:04:12,23.0,2.0,5.0,17.0,1.0,9343298,False,1,562.0
4011034868,14.0,2018-07-17 18:03:15,22.0,4.0,10.0,25.0,3.0,9343298,True,1,474.0
4011250290,14.0,2018-07-17 23:16:31,23.0,12.0,3.0,14.0,1.0,9343298,True,1,452.0
4011274284,14.0,2018-07-17 23:47:38,23.0,1.0,8.0,18.0,1.0,9343298,True,0,283.0
4012744150,14.0,2018-07-18 20:37:36,23.0,3.0,12.0,9.0,1.0,9343298,True,0,65677.0
4012784879,14.0,2018-07-18 21:45:11,23.0,10.0,5.0,16.0,1.0,9343298,True,1,239.0
4012952546,52.0,2018-07-19 01:30:43,22.0,3.0,8.0,11.0,3.0,9343298,True,1,322.0
4014388576,111.0,2018-07-19 21:57:08,22.0,6.0,4.0,6.0,3.0,9343298,True,0,8384.0
4016016927,25.0,2018-07-20 21:27:00,23.0,6.0,9.0,6.0,1.0,9343298,False,1,506.0
4016214814,25.0,2018-07-21 01:17:21,23.0,2.0,2.0,1.0,1.0,9343298,True,1,421.0
4016714209,14.0,2018-07-21 07:32:20,22.0,7.0,5.0,15.0,1.0,9343298,False,1,7354.0
4016828564,14.0,2018-07-21 08:46:52,23.0,7.0,5.0,12.0,1.0,9343298,True,1,2286.0
4016877030,71.0,2018-07-21 09:14:35,23.0,8.0,5.0,5.0,2.0,9343298,False,0,280.0
4016912325,14.0,2018-07-21 09:35:34,23.0,1.0,4.0,7.0,2.0,9343298,False,0,214.0
4017309552,14.0,2018-07-21 13:12:06,23.0,6.0,5.0,10.0,1.0,9343298,True,1,327.0
4017878395,111.0,2018-07-21 21:47:36,22.0,6.0,11.0,21.0,3.0,9343298,False,1,29789.0
4017956825,26.0,2018-07-21 23:20:31,22.0,9.0,15.0,18.0,5.0,9343298,False,1,2271.0
4018408026,14.0,2018-07-22 05:28:33,23.0,1.0,6.0,7.0,1.0,9343298,True,0,5123.0
4021195084,41.0,2018-07-23 18:39:50,23.0,6.0,5.0,14.0,1.0,9343298,True,1,48534.0
4021250508,14.0,2018-07-23 19:54:26,22.0,6.0,6.0,10.0,5.0,9343298,False,1,1534.0
4021281033,20.0,2018-07-23 20:44:45,22.0,3.0,9.0,9.0,5.0,9343298,True,0,822.0
4021566191,14.0,2018-07-24 02:56:20,22.0,11.0,8.0,18.0,1.0,9343298,True,1,8653.0
4021620682,14.0,2018-07-24 03:52:13,23.0,5.0,9.0,8.0,1.0,9343298,False,0,1136.0
4022285037,14.0,2018-07-24 11:37:47,23.0,14.0,1.0,12.0,1.0,9343298,True,1,25124.0
4023350137,4.0,2018-07-25 05:42:58,23.0,1.0,7.0,8.0,1.0,9343298,True,0,24955.0
4023395400,14.0,2018-07-25 06:20:18,23.0,7.0,12.0,24.0,1.0,9343298,True,0,615.0
4024044135,14.0,2018-07-25 13:10:11,23.0,3.0,9.0,15.0,1.0,9343298,False,0,548.0
4024173263,4.0,2018-07-25 14:46:07,23.0,3.0,6.0,5.0,1.0,9343298,False,0,1836.0
4024524884,14.0,2018-07-25 21:30:52,23.0,4.0,9.0,23.0,1.0,9343298,False,1,21687.0
4025463240,10.0,2018-07-26 11:00:11,23.0,2.0,3.0,5.0,1.0,9343298,False,1,35850.0
4025600495,14.0,2018-07-26 12:15:50,23.0,4.0,3.0,12.0,1.0,9343298,True,1,3155.0
4025627863,14.0,2018-07-26 12:31:51,23.0,9.0,11.0,14.0,1.0,9343298,True,0,228.0
4025944204,14.0,2018-07-26 16:33:39,23.0,2.0,6.0,5.0,1.0,9343298,False,0,12831.0
4025996923,9.0,2018-07-26 17:29:30,23.0,7.0,11.0,10.0,1.0,9343298,True,1,2164.0
4027503761,14.0,2018-07-27 14:07:47,23.0,0.0,13.0,14.0,1.0,9343298,True,1,9422.0
4027652088,14.0,2018-07-27 15:27:43,22.0,15.0,9.0,23.0,3.0,9343298,False,1,1281.0
4029955398,14.0,2018-07-28 19:49:34,22.0,1.0,6.0,15.0,3.0,9343298,True,1,84231.0
4030110800,14.0,2018-07-28 23:06:37,22.0,6.0,8.0,9.0,5.0,9343298,True,0,10271.0
4030162414,111.0,2018-07-28 23:56:59,22.0,2.0,10.0,11.0,5.0,9343298,True,0,664.0
4033468657,14.0,2018-07-30 15:30:17,23.0,3.0,8.0,11.0,1.0,9343298,False,0,5620.0
4033784698,14.0,2018-07-30 21:20:07,23.0,8.0,8.0,16.0,2.0,9343298,False,1,413.0
4034637458,14.0,2018-07-31 09:43:44,23.0,3.0,6.0,13.0,1.0,9343298,True,1,3277.0
4035006302,14.0,2018-07-31 12:55:51,22.0,4.0,7.0,16.0,2.0,9343298,True,1,6280.0
4035197370,111.0,2018-07-31 15:09:30,22.0,6.0,10.0,27.0,1.0,9343298,False,0,3190.0
4035441280,14.0,2018-07-31 18:59:18,23.0,10.0,7.0,17.0,1.0,9343298,False,0,434.0
4035514245,14.0,2018-07-31 21:14:03,22.0,9.0,9.0,8.0,5.0,9343298,True,0,3706.0
4038441843,4.0,2018-08-02 12:24:18,4.0,7.0,6.0,16.0,1.0,9343298,True,1,863.0
4038704113,32.0,2018-08-02 15:19:02,4.0,7.0,9.0,19.0,2.0,9343298,True,0,343.0
4039016636,5.0,2018-08-02 21:07:13,22.0,1.0,10.0,12.0,4.0,9343298,True,0,611.0
4039056849,14.0,2018-08-02 22:07:05,22.0,4.0,15.0,14.0,4.0,9343298,False,0,1148.0
4039276973,14.0,2018-08-03 02:20:19,23.0,5.0,5.0,7.0,1.0,9343298,False,0,210.0
4040225069,14.0,2018-08-03 12:09:20,23.0,9.0,8.0,18.0,1.0,9343298,True,1,34032.0
4040781525,14.0,2018-08-03 19:06:03,23.0,1.0,3.0,3.0,1.0,9343298,False,0,220.0
4040882325,14.0,2018-08-03 21:27:39,22.0,6.0,9.0,12.0,2.0,9343298,True,0,-200.0
4040985537,111.0,2018-08-03 23:28:02,22.0,9.0,3.0,21.0,3.0,9343298,True,1,4683.0
4044350621,14.0,2018-08-05 12:33:00,23.0,1.0,9.0,3.0,1.0,9343298,False,0,63569.0
4044818769,27.0,2018-08-05 18:53:24,22.0,2.0,11.0,11.0,2.0,9343298,False,1,808.0
4050322084,6.0,2018-08-09 01:28:45,23.0,11.0,4.0,14.0,1.0,9343298,True,1,9948.0
4051814834,14.0,2018-08-09 20:31:29,22.0,9.0,8.0,31.0,3.0,9343298,False,1,514.0
4052379295,6.0,2018-08-10 06:29:56,23.0,2.0,4.0,7.0,1.0,9343298,False,0,6568.0
4057223112,50.0,2018-08-12 19:23:16,22.0,1.0,7.0,7.0,5.0,9343298,True,0,86400.0
4057274121,14.0,2018-08-12 20:37:09,22.0,3.0,13.0,13.0,1.0,9343298,True,0,2631.0
4058472855,83.0,2018-08-13 13:25:33,22.0,1.0,2.0,6.0,2.0,9343298,True,0,480.0
4060391769,6.0,2018-08-14 18:05:04,23.0,1.0,4.0,3.0,1.0,9343298,False,0,607.0
4060459320,14.0,2018-08-14 19:34:30,23.0,3.0,7.0,16.0,1.0,9343298,True,0,233.0
4063574002,14.0,2018-08-16 21:24:56,23.0,3.0,5.0,5.0,3.0,9343298,False,1,48.0
4064491114,14.0,2018-08-17 10:57:41,23.0,3.0,6.0,13.0,1.0,9343298,True,1,6817.0
4064549956,14.0,2018-08-17 11:29:20,23.0,6.0,6.0,14.0,1.0,9343298,False,0,437.0
4065273839,14.0,2018-08-17 23:22:49,22.0,3.0,13.0,8.0,5.0,9343298,False,0,1057.0
4065310809,20.0,2018-08-18 00:06:43,22.0,3.0,14.0,21.0,5.0,9343298,False,0,571.0
4065363580,30.0,2018-08-18 00:59:28,22.0,18.0,13.0,16.0,5.0,9343298,True,0,855.0
4070858733,14.0,2018-08-21 00:42:03,22.0,8.0,11.0,16.0,1.0,9343298,False,0,1213.0
4070935689,111.0,2018-08-21 01:53:18,22.0,9.0,5.0,18.0,1.0,9343298,False,1,1563.0
4071010685,14.0,2018-08-21 02:58:15,22.0,3.0,8.0,10.0,1.0,9343298,True,1,1629.0
4071223955,14.0,2018-08-21 05:31:02,22.0,6.0,16.0,12.0,1.0,9343298,True,0,1059.0
4072908525,83.0,2018-08-22 02:30:38,22.0,1.0,4.0,10.0,1.0,9343298,True,1,4995.0
4072974365,14.0,2018-08-22 03:20:15,22.0,6.0,4.0,19.0,1.0,9343298,False,1,497.0
4074394974,30.0,2018-08-22 17:46:40,22.0,10.0,14.0,26.0,2.0,9343298,False,1,199.0
4074495123,14.0,2018-08-22 19:51:37,22.0,4.0,11.0,10.0,4.0,9343298,True,0,1319.0
4076477750,14.0,2018-08-23 22:47:00,23.0,11.0,4.0,6.0,1.0,9343298,True,0,69152.0
4076867446,111.0,2018-08-24 04:19:32,22.0,15.0,5.0,12.0,1.0,9343298,True,0,1972.0
4083253038,14.0,2018-08-27 00:43:33,22.0,13.0,2.0,16.0,3.0,9343298,False,1,17386.0
4083439157,14.0,2018-08-27 03:12:02,22.0,5.0,5.0,4.0,1.0,9343298,False,0,441.0
4085445505,111.0,2018-08-28 01:17:21,22.0,3.0,7.0,14.0,1.0,9343298,False,1,576.0
4089530540,14.0,2018-08-30 01:07:41,22.0,4.0,9.0,9.0,2.0,9343298,False,0,777.0
4089630334,111.0,2018-08-30 02:32:17,22.0,5.0,5.0,7.0,1.0,9343298,True,1,403.0
4089681098,111.0,2018-08-30 03:11:50,22.0,6.0,10.0,21.0,1.0,9343298,True,1,502.0
4092227582,111.0,2018-08-31 08:23:09,22.0,9.0,8.0,24.0,1.0,9343298,False,0,86400.0
4092674592,51.0,2018-08-31 11:51:04,23.0,3.0,4.0,20.0,1.0,9343298,False,1,9268.0
4094192099,14.0,2018-09-01 07:47:35,23.0,11.0,6.0,16.0,1.0,9343298,False,1,2606.0
4095472144,23.0,2018-09-01 22:26:36,22.0,5.0,15.0,26.0,5.0,9343298,True,1,8423.0
4097565224,111.0,2018-09-03 01:17:08,22.0,10.0,10.0,28.0,1.0,9343298,False,0,86400.0
4105545584,19.0,2018-09-07 15:45:52,4.0,9.0,8.0,16.0,5.0,9343298,False,0,1143.0
4105591120,20.0,2018-09-07 16:26:05,4.0,3.0,11.0,15.0,5.0,9343298,False,1,493.0
4106010778,111.0,2018-09-08 00:21:28,22.0,6.0,10.0,23.0,5.0,9343298,True,1,2255.0
4107699081,111.0,2018-09-08 18:13:43,22.0,7.0,13.0,29.0,5.0,9343298,True,1,58296.0
4128533400,30.0,2018-09-20 21:17:00,22.0,8.0,6.0,14.0,5.0,9343298,True,1,86400.0
4240070296,51.0,2018-11-25 23:35:33,23.0,4.0,5.0,9.0,1.0,9343298,True,0,66832.0
4287058393,14.0,2018-12-22 21:14:40,22.0,2.0,3.0,14.0,3.0,9343298,True,1,84442.0
4287142455,111.0,2018-12-22 22:37:48,22.0,9.0,4.0,24.0,4.0,9343298,True,1,205.0
4289705645,14.0,2018-12-23 23:38:25,22.0,2.0,10.0,14.0,4.0,9343298,True,0,31262.0
4289764940,111.0,2018-12-24 00:29:46,22.0,11.0,2.0,22.0,5.0,9343298,False,1,710.0
4289814155,97.0,2018-12-24 01:11:08,22.0,5.0,1.0,29.0,5.0,9343298,False,1,631.0
4295376364,111.0,2018-12-26 14:22:19,22.0,8.0,5.0,5.0,1.0,9343298,False,0,276.0
4295599161,9.0,2018-12-26 16:38:34,22.0,4.0,4.0,23.0,5.0,9343298,False,1,1608.0
4298119910,14.0,2018-12-28 00:54:00,22.0,7.0,10.0,18.0,5.0,9343298,True,0,1445.0
4299956660,14.0,2018-12-28 21:18:32,22.0,7.0,11.0,12.0,1.0,9343298,True,0,628.0
4300296985,111.0,2018-12-29 02:41:14,22.0,11.0,7.0,13.0,1.0,9343298,True,0,16400.0
4302240822,111.0,2018-12-29 23:58:04,22.0,8.0,8.0,17.0,5.0,9343298,False,0,1200.0
4306106436,110.0,2018-12-31 17:32:35,22.0,1.0,11.0,17.0,5.0,9343298,False,0,50685.0
4310325963,111.0,2019-01-02 23:42:03,22.0,11.0,6.0,20.0,1.0,9343298,True,1,3399.0
4314176837,33.0,2019-01-04 22:17:02,22.0,1.0,3.0,5.0,5.0,9343298,False,0,140.0
4316093000,14.0,2019-01-05 17:06:08,23.0,8.0,5.0,15.0,1.0,9343298,False,0,602.0
4318337051,29.0,2019-01-06 16:42:14,22.0,2.0,3.0,20.0,3.0,9343298,True,0,37732.0
4318627329,8.0,2019-01-06 20:54:56,22.0,3.0,9.0,14.0,3.0,9343298,False,0,639.0
4318688710,7.0,2019-01-06 22:08:46,22.0,4.0,8.0,22.0,5.0,9343298,False,1,554.0
4322198004,9.0,2019-01-08 15:39:23,23.0,14.0,7.0,19.0,2.0,9343298,False,0,340.0
4322579230,59.0,2019-01-08 22:51:27,23.0,5.0,5.0,9.0,2.0,9343298,False,0,280.0
4324320218,111.0,2019-01-09 21:12:43,22.0,9.0,1.0,14.0,5.0,9343298,False,1,2309.0
4328170532,14.0,2019-01-11 21:10:26,22.0,2.0,13.0,18.0,3.0,9343298,False,0,3066.0
4328210909,5.0,2019-01-11 22:01:38,22.0,1.0,5.0,17.0,4.0,9343298,True,1,559.0
4328251365,111.0,2019-01-11 22:43:23,22.0,7.0,9.0,15.0,5.0,9343298,True,0,593.0
4328308136,111.0,2019-01-11 23:37:48,22.0,6.0,5.0,21.0,5.0,9343298,False,1,911.0
4333228943,14.0,2019-01-14 03:44:02,23.0,4.0,3.0,17.0,1.0,9343298,False,1,5593.0
4333264085,14.0,2019-01-14 04:12:19,23.0,10.0,5.0,18.0,1.0,9343298,True,1,625.0
4335463212,9.0,2019-01-15 06:09:50,23.0,11.0,3.0,12.0,1.0,9343298,True,0,1509.0
4338420193,51.0,2019-01-16 11:51:30,23.0,3.0,5.0,11.0,1.0,9343298,False,0,274.0
4340136623,84.0,2019-01-17 08:48:09,23.0,5.0,4.0,7.0,1.0,9343298,False,0,18675.0
4340218718,6.0,2019-01-17 09:16:21,23.0,2.0,0.0,1.0,1.0,9343298,False,1,425.0
4343982355,9.0,2019-01-19 00:04:16,22.0,3.0,2.0,16.0,4.0,9343298,True,1,20328.0
4349013368,9.0,2019-01-20 16:02:35,22.0,7.0,3.0,22.0,5.0,9343298,False,1,3552.0
4349227999,121.0,2019-01-20 18:43:27,22.0,7.0,5.0,23.0,5.0,9343298,True,1,7503.0
4349291963,90.0,2019-01-20 19:47:50,22.0,3.0,0.0,12.0,4.0,9343298,True,1,1108.0
4349318782,111.0,2019-01-20 20:17:30,22.0,9.0,3.0,27.0,4.0,9343298,False,1,526.0
4352521073,14.0,2019-01-22 05:50:01,23.0,4.0,6.0,12.0,1.0,9343298,True,0,4240.0
4367615270,14.0,2019-01-27 15:27:32,22.0,8.0,5.0,17.0,2.0,9343298,True,1,417.0
4374015375,23.0,2019-01-30 02:07:03,23.0,5.0,4.0,19.0,1.0,9343298,True,1,2053.0
4382143679,9.0,2019-02-01 21:53:10,22.0,3.0,1.0,25.0,5.0,9343298,True,0,11656.0
4388686838,111.0,2019-02-03 21:50:09,22.0,7.0,5.0,18.0,1.0,9343298,True,1,1813.0
4391257915,26.0,2019-02-04 17:45:42,23.0,14.0,7.0,9.0,1.0,9343298,False,1,20143.0
4397805954,14.0,2019-02-07 01:17:58,23.0,3.0,2.0,16.0,1.0,9343298,True,1,3528.0
4397852879,14.0,2019-02-07 01:48:14,23.0,13.0,3.0,8.0,1.0,9343298,True,1,375.0
4397920378,111.0,2019-02-07 02:26:18,22.0,7.0,4.0,22.0,2.0,9343298,True,1,901.0
4398130691,14.0,2019-02-07 04:04:22,22.0,1.0,9.0,9.0,2.0,9343298,True,0,324.0
4398247125,31.0,2019-02-07 04:53:05,22.0,2.0,15.0,21.0,2.0,9343298,True,1,582.0
4414154619,88.0,2019-02-12 04:13:32,23.0,1.0,5.0,16.0,1.0,9343298,True,1,3697.0
4420602368,14.0,2019-02-14 05:55:26,23.0,14.0,8.0,13.0,1.0,9343298,True,0,4815.0
4426559361,14.0,2019-02-16 01:09:27,23.0,11.0,12.0,20.0,1.0,9343298,False,1,962.0
4426787994,14.0,2019-02-16 02:53:22,22.0,5.0,11.0,16.0,1.0,9343298,False,1,504.0
4429352857,111.0,2019-02-16 14:41:05,22.0,6.0,5.0,7.0,1.0,9343298,False,0,251.0
4430539229,77.0,2019-02-17 02:22:15,23.0,0.0,8.0,1.0,1.0,9343298,True,0,1999.0
4435853524,14.0,2019-02-18 11:52:53,23.0,4.0,3.0,14.0,1.0,9343298,False,1,11653.0
4435948417,111.0,2019-02-18 12:20:25,23.0,5.0,2.0,5.0,1.0,9343298,False,0,444.0
4436029523,14.0,2019-02-18 12:45:57,23.0,1.0,5.0,8.0,1.0,9343298,False,0,440.0
4436197118,84.0,2019-02-18 13:46:29,23.0,4.0,9.0,10.0,2.0,9343298,False,0,2306.0
4443208755,26.0,2019-02-20 14:37:01,23.0,4.0,6.0,1.0,1.0,9343298,True,0,2656.0
4443263156,53.0,2019-02-20 15:02:03,23.0,3.0,4.0,9.0,1.0,9343298,False,1,363.0
4454866449,25.0,2019-02-23 21:15:24,22.0,7.0,5.0,8.0,3.0,9343298,True,0,85268.0
4459311112,111.0,2019-02-25 02:19:55,22.0,4.0,3.0,15.0,1.0,9343298,True,1,723.0
4521973232,14.0,2019-03-12 03:23:20,23.0,6.0,7.0,15.0,1.0,9343298,True,0,2560.0
4535824917,31.0,2019-03-15 19:51:48,22.0,6.0,14.0,16.0,3.0,9343298,True,1,78914.0
4549113172,59.0,2019-03-19 04:08:32,23.0,11.0,4.0,8.0,1.0,9343298,True,1,4232.0
4556267246,111.0,2019-03-21 02:52:48,22.0,7.0,5.0,14.0,1.0,9343298,False,0,2609.0
4573015748,14.0,2019-03-25 07:56:54,23.0,7.0,8.0,8.0,1.0,9343298,False,0,232.0
4577690732,14.0,2019-03-26 13:50:16,23.0,8.0,7.0,17.0,1.0,9343298,False,1,398.0
4578848308,9.0,2019-03-27 02:05:39,22.0,0.0,12.0,6.0,2.0,9343298,False,0,789.0
4579745010,14.0,2019-03-27 08:02:06,23.0,5.0,2.0,18.0,1.0,9343298,True,1,685.0
4582720869,44.0,2019-03-28 05:47:58,22.0,3.0,0.0,1.0,2.0,9343298,True,1,1032.0
4630560293,26.0,2019-04-08 17:24:20,23.0,7.0,1.0,6.0,1.0,9343298,False,1,2349.0
4634408143,6.0,2019-04-09 19:12:29,23.0,3.0,3.0,9.0,2.0,9343298,False,1,3741.0
4660500278,26.0,2019-04-17 01:19:14,23.0,6.0,6.0,6.0,1.0,9343298,False,0,792.0
4663304122,111.0,2019-04-17 18:03:47,22.0,9.0,6.0,11.0,2.0,9343298,True,1,58744.0
4673764063,30.0,2019-04-20 16:18:20,22.0,3.0,6.0,19.0,3.0,9343298,True,1,624.0
4681088232,51.0,2019-04-23 00:53:02,23.0,4.0,8.0,8.0,2.0,9343298,False,0,1021.0
4681123467,111.0,2019-04-23 01:14:00,23.0,12.0,8.0,28.0,2.0,9343298,True,1,319.0
4690101306,111.0,2019-04-26 00:27:21,22.0,9.0,3.0,12.0,1.0,9343298,True,1,68410.0
4690216983,111.0,2019-04-26 01:33:19,22.0,5.0,4.0,23.0,1.0,9343298,False,1,2966.0
4690547400,14.0,2019-04-26 04:16:17,23.0,10.0,7.0,7.0,1.0,9343298,False,1,3801.0
4697169875,111.0,2019-04-28 01:52:17,22.0,6.0,6.0,13.0,2.0,9343298,True,0,591.0
4700257163,51.0,2019-04-28 23:14:06,23.0,3.0,8.0,25.0,1.0,9343298,True,1,51634.0
4700468164,30.0,2019-04-29 01:31:28,22.0,5.0,12.0,14.0,3.0,9343298,False,0,968.0
4714040037,14.0,2019-05-02 22:43:08,23.0,10.0,8.0,14.0,1.0,9343298,True,1,21651.0
4719286706,111.0,2019-05-04 08:57:06,23.0,11.0,4.0,12.0,1.0,9343298,False,1,431.0
4719871296,111.0,2019-05-04 11:17:36,23.0,11.0,3.0,17.0,1.0,9343298,True,1,6676.0
4722191075,14.0,2019-05-05 05:50:05,23.0,5.0,6.0,18.0,1.0,9343298,True,0,210.0
4727313918,111.0,2019-05-06 16:20:00,22.0,14.0,9.0,26.0,2.0,9343298,False,1,33672.0
4729982270,14.0,2019-05-07 13:12:43,23.0,7.0,5.0,5.0,1.0,9343298,True,0,7373.0
4730727956,27.0,2019-05-07 20:46:42,22.0,2.0,7.0,23.0,5.0,9343298,True,1,26179.0
4736097321,75.0,2019-05-09 13:04:26,23.0,1.0,7.0,6.0,1.0,9343298,False,0,4276.0
4746583029,28.0,2019-05-12 19:27:59,23.0,3.0,5.0,5.0,1.0,9343298,False,0,355.0
4749369572,112.0,2019-05-13 22:46:57,23.0,4.0,6.0,8.0,1.0,9343298,False,0,547.0
4749406528,101.0,2019-05-13 23:16:35,23.0,3.0,6.0,4.0,1.0,9343298,False,0,334.0
4749493629,111.0,2019-05-14 00:18:32,22.0,6.0,6.0,12.0,1.0,9343298,False,1,303.0
4752297062,35.0,2019-05-14 22:33:36,23.0,5.0,2.0,2.0,1.0,9343298,True,1,1687.0
4755132583,110.0,2019-05-15 21:16:08,22.0,2.0,8.0,14.0,3.0,9343298,False,1,1659.0
4758230583,68.0,2019-05-17 01:41:30,23.0,5.0,1.0,13.0,1.0,9343298,False,1,613.0
4760328657,62.0,2019-05-17 15:54:58,23.0,3.0,10.0,5.0,1.0,9343298,False,0,350.0
4760810116,17.0,2019-05-17 22:14:47,23.0,6.0,1.0,6.0,2.0,9343298,True,1,1104.0
4763761494,111.0,2019-05-18 16:22:52,22.0,8.0,3.0,24.0,2.0,9343298,False,1,57544.0
4765193971,111.0,2019-05-19 05:43:15,22.0,7.0,1.0,12.0,1.0,9343298,False,1,226.0
4765378506,22.0,2019-05-19 06:50:52,23.0,1.0,2.0,10.0,1.0,9343298,True,0,258.0
4770225188,84.0,2019-05-20 23:14:08,23.0,1.0,5.0,3.0,1.0,9343298,True,0,567.0
4772723156,68.0,2019-05-21 20:03:13,23.0,12.0,6.0,14.0,1.0,9343298,False,0,65050.0
4781024457,9.0,2019-05-24 22:53:04,23.0,8.0,4.0,20.0,2.0,9343298,False,1,2314.0
4784123716,53.0,2019-05-25 18:48:26,23.0,1.0,5.0,1.0,1.0,9343298,False,0,54170.0
4784168349,53.0,2019-05-25 19:24:29,23.0,2.0,11.0,9.0,1.0,9343298,True,0,980.0
4784249610,68.0,2019-05-25 20:40:28,23.0,4.0,4.0,5.0,1.0,9343298,False,0,786.0
4787576259,7.0,2019-05-26 22:43:05,23.0,2.0,12.0,2.0,1.0,9343298,False,0,1241.0
4790516997,7.0,2019-05-28 00:51:10,23.0,5.0,6.0,14.0,1.0,9343298,True,0,345.0
4790686525,129.0,2019-05-28 02:41:03,23.0,0.0,9.0,11.0,1.0,9343298,True,0,379.0
4795770615,111.0,2019-05-30 02:06:46,22.0,4.0,9.0,27.0,2.0,9343298,False,1,8975.0
4801542663,33.0,2019-06-01 04:00:06,23.0,7.0,2.0,19.0,1.0,9343298,True,1,2665.0
4804467399,111.0,2019-06-02 01:42:08,22.0,6.0,7.0,11.0,1.0,9343298,False,1,1476.0
4807964574,18.0,2019-06-03 05:15:28,23.0,3.0,3.0,12.0,1.0,9343298,True,1,430.0
4808046038,2.0,2019-06-03 05:52:56,23.0,12.0,12.0,12.0,1.0,9343298,True,1,1038.0
4815911749,41.0,2019-06-06 03:31:11,23.0,13.0,4.0,13.0,1.0,9343298,True,1,79933.0
4816051558,47.0,2019-06-06 04:47:57,23.0,9.0,0.0,16.0,1.0,9343298,True,1,832.0
4821206418,77.0,2019-06-08 01:12:50,23.0,2.0,3.0,8.0,2.0,9343298,True,0,396.0
4824855286,15.0,2019-06-09 05:29:09,22.0,4.0,14.0,17.0,1.0,9343298,True,0,685.0
4825890541,67.0,2019-06-09 10:47:15,23.0,5.0,5.0,16.0,1.0,9343298,False,0,527.0
4850168921,21.0,2019-06-19 05:08:36,23.0,15.0,9.0,13.0,1.0,9343298,False,0,396.0
4850986816,73.0,2019-06-19 11:19:36,23.0,1.0,6.0,14.0,1.0,9343298,True,0,2741.0
4851796907,73.0,2019-06-19 20:10:18,23.0,1.0,7.0,11.0,4.0,9343298,False,0,9722.0
4851863793,14.0,2019-06-19 21:44:19,22.0,5.0,8.0,26.0,5.0,9343298,True,1,342.0
4853827030,73.0,2019-06-20 15:56:13,23.0,4.0,10.0,17.0,1.0,9343298,True,0,583.0
4857393543,46.0,2019-06-22 08:59:03,23.0,4.0,6.0,6.0,1.0,9343298,False,0,86400.0
4858589023,46.0,2019-06-22 19:47:43,23.0,8.0,11.0,7.0,1.0,9343298,True,0,788.0
4860871421,12.0,2019-06-23 19:11:24,23.0,2.0,6.0,3.0,2.0,9343298,True,0,13980.0
4860891971,12.0,2019-06-23 19:37:24,23.0,3.0,3.0,0.0,1.0,9343298,False,0,447.0
4860906600,119.0,2019-06-23 19:56:53,23.0,2.0,6.0,12.0,2.0,9343298,True,0,307.0
4862960797,65.0,2019-06-24 22:08:45,23.0,6.0,4.0,17.0,3.0,9343298,False,1,329.0
4865078716,81.0,2019-06-26 00:36:49,23.0,4.0,4.0,11.0,1.0,9343298,False,1,9759.0
4876131009,14.0,2019-06-30 19:32:02,23.0,5.0,6.0,14.0,3.0,9343298,True,1,82316.0
4876177181,16.0,2019-06-30 20:34:53,23.0,7.0,9.0,29.0,2.0,9343298,True,1,577.0
4878252716,51.0,2019-07-01 20:39:06,23.0,7.0,8.0,18.0,3.0,9343298,False,0,7475.0
4878275771,26.0,2019-07-01 21:17:23,23.0,5.0,2.0,12.0,3.0,9343298,True,1,361.0
4890628595,111.0,2019-07-07 21:56:23,23.0,2.0,9.0,9.0,1.0,9343298,False,0,86400.0
4890793969,47.0,2019-07-08 00:55:27,23.0,3.0,5.0,12.0,1.0,9343298,True,1,8156.0
4905987631,14.0,2019-07-15 19:46:55,23.0,1.0,9.0,15.0,4.0,9343298,False,0,6078.0
4907758836,31.0,2019-07-16 19:48:46,23.0,3.0,7.0,10.0,3.0,9343298,True,0,1290.0
4907783106,26.0,2019-07-16 20:29:16,23.0,4.0,6.0,5.0,3.0,9343298,False,0,1224.0
4909524274,73.0,2019-07-17 19:53:30,23.0,0.0,6.0,9.0,5.0,9343298,True,0,553.0
4911168531,7.0,2019-07-18 17:41:09,23.0,5.0,6.0,11.0,3.0,9343298,False,0,348.0
4911221447,111.0,2019-07-18 18:41:46,23.0,8.0,4.0,21.0,3.0,9343298,True,0,379.0
4911656530,14.0,2019-07-19 03:21:32,23.0,7.0,4.0,22.0,1.0,9343298,True,1,24462.0
4913120887,14.0,2019-07-19 19:52:31,23.0,4.0,3.0,10.0,1.0,9343298,True,1,56812.0
4913302407,14.0,2019-07-19 23:41:32,23.0,5.0,7.0,11.0,1.0,9343298,False,0,1932.0
4913903876,14.0,2019-07-20 06:31:01,23.0,1.0,6.0,14.0,1.0,9343298,False,1,6328.0
4917437874,14.0,2019-07-21 19:06:35,23.0,3.0,7.0,9.0,2.0,9343298,True,0,544.0
4917593687,14.0,2019-07-21 22:33:11,23.0,3.0,8.0,15.0,2.0,9343298,True,1,1106.0
4921479649,14.0,2019-07-23 19:17:36,23.0,3.0,8.0,15.0,1.0,9343298,False,1,871.0
4921923133,26.0,2019-07-24 03:10:07,23.0,8.0,2.0,8.0,1.0,9343298,True,1,15429.0
4922001139,9.0,2019-07-24 04:07:26,23.0,1.0,2.0,6.0,1.0,9343298,False,0,676.0
4925791618,29.0,2019-07-25 22:07:17,23.0,1.0,3.0,14.0,4.0,9343298,True,1,301.0
4927834359,14.0,2019-07-26 19:31:21,23.0,7.0,8.0,15.0,4.0,9343298,False,1,75840.0
4932692324,20.0,2019-07-28 20:56:53,23.0,1.0,9.0,13.0,5.0,9343298,False,0,86400.0
4944581411,14.0,2019-08-03 10:15:12,23.0,3.0,7.0,13.0,1.0,9343298,True,1,48274.0
4944671024,51.0,2019-08-03 10:50:37,23.0,0.0,7.0,9.0,1.0,9343298,False,0,585.0
4948087460,14.0,2019-08-05 00:13:12,23.0,5.0,8.0,6.0,1.0,9343298,False,0,86400.0
4948134776,14.0,2019-08-05 01:00:57,23.0,4.0,9.0,2.0,2.0,9343298,True,0,1957.0
4951944015,2.0,2019-08-06 23:39:24,23.0,6.0,11.0,11.0,2.0,9343298,True,0,878.0
4953911983,83.0,2019-08-08 00:27:12,22.0,1.0,6.0,3.0,4.0,9343298,True,0,86400.0
4955759670,14.0,2019-08-08 23:43:23,23.0,5.0,4.0,19.0,4.0,9343298,False,1,304.0
4957811099,35.0,2019-08-10 00:22:11,23.0,2.0,7.0,10.0,3.0,9343298,True,0,305.0
4959649420,26.0,2019-08-10 17:15:54,23.0,4.0,10.0,10.0,3.0,9343298,False,0,513.0
4963872903,42.0,2019-08-12 20:18:43,23.0,7.0,3.0,19.0,3.0,9343298,True,1,293.0
4965730225,61.0,2019-08-13 21:28:52,23.0,4.0,6.0,3.0,4.0,9343298,True,0,855.0
4972806882,2.0,2019-08-17 19:55:26,23.0,3.0,4.0,13.0,3.0,9343298,False,0,323.0
4975028566,82.0,2019-08-19 00:16:32,23.0,1.0,10.0,2.0,1.0,9343298,False,0,84039.0
4975079610,7.0,2019-08-19 01:14:41,23.0,0.0,8.0,5.0,2.0,9343298,False,0,343.0
4978245230,5.0,2019-08-20 20:04:00,23.0,2.0,10.0,9.0,3.0,9343298,False,0,65672.0
4985463890,14.0,2019-08-24 19:48:33,23.0,0.0,3.0,9.0,2.0,9343298,False,0,42990.0
4985486768,28.0,2019-08-24 20:16:49,23.0,2.0,4.0,8.0,2.0,9343298,True,1,306.0
4987631260,14.0,2019-08-25 20:54:41,23.0,4.0,2.0,13.0,1.0,9343298,False,1,63883.0
4991823322,14.0,2019-08-28 01:41:18,23.0,6.0,1.0,13.0,1.0,9343298,True,1,74046.0
4993546122,14.0,2019-08-29 01:00:43,23.0,5.0,10.0,25.0,1.0,9343298,True,0,8552.0
4995352851,14.0,2019-08-29 23:46:30,23.0,7.0,2.0,15.0,4.0,9343298,True,1,986.0
4999928777,14.0,2019-09-01 05:17:36,23.0,13.0,7.0,18.0,1.0,9343298,False,0,296.0
5066962668,14.0,2019-10-13 00:38:29,23.0,5.0,8.0,21.0,2.0,9343298,False,0,86012.0
5068540823,9.0,2019-10-13 22:03:16,22.0,2.0,9.0,14.0,4.0,9343298,False,0,74968.0
5071246687,14.0,2019-10-15 21:18:57,22.0,14.0,12.0,20.0,3.0,9343298,False,0,84809.0
5383291871,14.0,2020-04-27 20:05:05,23.0,8.0,6.0,14.0,4.0,9343298,False,0,86400.0
5383323015,27.0,2020-04-27 20:42:50,23.0,2.0,6.0,8.0,5.0,9343298,True,0,476.0
5387062580,111.0,2020-04-29 20:15:43,22.0,4.0,4.0,2.0,5.0,9343298,False,0,86400.0
5387092318,102.0,2020-04-29 20:54:21,22.0,4.0,9.0,14.0,5.0,9343298,False,0,499.0
5387147359,14.0,2020-04-29 22:09:05,22.0,3.0,9.0,29.0,5.0,9343298,False,1,599.0
5387306244,14.0,2020-04-30 01:19:45,23.0,0.0,6.0,8.0,1.0,9343298,True,0,8297.0
5389050894,111.0,2020-04-30 21:36:42,23.0,7.0,8.0,14.0,1.0,9343298,True,0,71726.0
5389092358,9.0,2020-04-30 22:24:45,23.0,3.0,1.0,10.0,1.0,9343298,False,0,814.0
5389586227,14.0,2020-05-01 05:23:05,23.0,5.0,8.0,5.0,1.0,9343298,False,0,23368.0
5391173517,111.0,2020-05-01 22:10:04,22.0,6.0,11.0,27.0,2.0,9343298,False,0,58808.0
5392184631,111.0,2020-05-02 10:26:15,22.0,6.0,11.0,26.0,3.0,9343298,False,1,41122.0
5404591727,14.0,2020-05-08 18:30:37,23.0,9.0,5.0,24.0,2.0,9343298,False,1,86400.0
5404640226,59.0,2020-05-08 19:17:42,23.0,5.0,5.0,11.0,4.0,9343298,True,1,1361.0
5404715167,14.0,2020-05-08 20:42:23,22.0,4.0,12.0,9.0,4.0,9343298,False,0,3958.0
5404833603,44.0,2020-05-08 23:13:47,23.0,8.0,4.0,21.0,5.0,9343298,False,1,6578.0
5404886151,14.0,2020-05-09 00:09:58,22.0,4.0,11.0,17.0,4.0,9343298,True,0,1540.0
5406353511,26.0,2020-05-09 16:08:32,23.0,5.0,8.0,12.0,3.0,9343298,True,0,54512.0
5406420788,23.0,2020-05-09 16:55:06,23.0,0.0,8.0,12.0,3.0,9343298,True,0,841.0
5406455169,84.0,2020-05-09 17:19:53,23.0,3.0,9.0,13.0,3.0,9343298,True,0,207.0
5406586458,30.0,2020-05-09 19:09:20,22.0,1.0,9.0,6.0,4.0,9343298,False,0,4722.0
5406626312,9.0,2020-05-09 19:49:29,23.0,6.0,2.0,12.0,3.0,9343298,True,1,515.0
5406652174,7.0,2020-05-09 20:17:32,23.0,5.0,2.0,16.0,3.0,9343298,False,1,471.0
5406689490,51.0,2020-05-09 21:01:55,23.0,0.0,7.0,17.0,4.0,9343298,True,0,846.0
5406711465,111.0,2020-05-09 21:28:59,23.0,8.0,7.0,18.0,4.0,9343298,True,1,196.0
5406744682,121.0,2020-05-09 22:09:34,23.0,2.0,6.0,13.0,4.0,9343298,False,0,447.0
5406779254,87.0,2020-05-09 22:49:34,23.0,6.0,11.0,21.0,4.0,9343298,True,0,849.0
5406813503,14.0,2020-05-09 23:24:46,23.0,4.0,2.0,8.0,4.0,9343298,False,1,263.0
5406838232,79.0,2020-05-09 23:49:14,23.0,5.0,5.0,12.0,4.0,9343298,False,1,305.0
5406882518,35.0,2020-05-10 00:31:09,23.0,4.0,8.0,24.0,4.0,9343298,False,1,280.0
5408747802,111.0,2020-05-10 22:03:36,23.0,4.0,7.0,14.0,2.0,9343298,True,0,75343.0
5408771586,111.0,2020-05-10 22:35:08,22.0,3.0,3.0,3.0,3.0,9343298,True,0,348.0
5408801409,121.0,2020-05-10 23:13:22,22.0,2.0,4.0,16.0,2.0,9343298,True,1,661.0
5410407009,121.0,2020-05-11 19:36:42,22.0,5.0,9.0,12.0,2.0,9343298,False,1,71633.0
5410448165,111.0,2020-05-11 20:30:08,22.0,5.0,7.0,19.0,3.0,9343298,True,0,736.0
5410491426,14.0,2020-05-11 21:31:24,22.0,4.0,10.0,11.0,2.0,9343298,True,0,601.0
5410521443,51.0,2020-05-11 22:14:48,23.0,3.0,7.0,10.0,2.0,9343298,True,0,597.0
5410544670,9.0,2020-05-11 22:46:17,23.0,3.0,2.0,5.0,2.0,9343298,False,0,536.0
5410564487,35.0,2020-05-11 23:11:45,23.0,3.0,9.0,8.0,2.0,9343298,True,0,246.0
5412092443,87.0,2020-05-12 18:25:39,22.0,3.0,10.0,20.0,3.0,9343298,False,1,67680.0
5412197628,9.0,2020-05-12 20:50:06,23.0,3.0,9.0,21.0,4.0,9343298,False,0,5964.0
5412226934,30.0,2020-05-12 21:38:42,23.0,4.0,7.0,2.0,4.0,9343298,True,0,427.0
5412245004,121.0,2020-05-12 22:04:50,23.0,3.0,7.0,12.0,2.0,9343298,False,0,244.0
5412289171,121.0,2020-05-12 23:02:41,22.0,5.0,7.0,5.0,3.0,9343298,False,0,1789.0
5413668486,2.0,2020-05-13 16:07:51,23.0,3.0,7.0,6.0,1.0,9343298,True,0,60090.0
5414025285,27.0,2020-05-13 22:18:53,22.0,2.0,12.0,35.0,2.0,9343298,False,1,20722.0
5414079154,121.0,2020-05-13 23:28:36,22.0,0.0,7.0,8.0,5.0,9343298,False,0,637.0
5414936214,14.0,2020-05-14 11:07:29,23.0,9.0,9.0,17.0,2.0,9343298,True,0,40048.0
5415077211,14.0,2020-05-14 12:19:54,23.0,1.0,7.0,19.0,2.0,9343298,True,1,545.0
5415149372,51.0,2020-05-14 13:00:26,23.0,5.0,3.0,21.0,2.0,9343298,False,1,341.0
5415679287,26.0,2020-05-14 19:53:21,23.0,9.0,4.0,10.0,2.0,9343298,True,1,23202.0
5415704933,14.0,2020-05-14 20:29:15,23.0,6.0,2.0,7.0,4.0,9343298,True,1,302.0
5415723682,35.0,2020-05-14 20:56:32,23.0,4.0,4.0,16.0,4.0,9343298,False,1,338.0
5415748701,9.0,2020-05-14 21:34:56,23.0,7.0,4.0,19.0,4.0,9343298,True,1,351.0
5415768282,121.0,2020-05-14 22:03:54,23.0,5.0,9.0,13.0,4.0,9343298,True,1,265.0
5417059497,18.0,2020-05-15 14:18:17,23.0,2.0,4.0,10.0,3.0,9343298,False,1,56832.0
5417550786,14.0,2020-05-15 21:00:30,23.0,4.0,10.0,11.0,2.0,9343298,True,0,22873.0
5417576928,2.0,2020-05-15 21:35:27,23.0,7.0,14.0,10.0,3.0,9343298,False,0,253.0
5417604144,9.0,2020-05-15 22:10:05,23.0,1.0,3.0,15.0,4.0,9343298,True,1,319.0
5417649652,51.0,2020-05-15 23:03:40,23.0,4.0,7.0,7.0,5.0,9343298,False,1,547.0
5417695385,35.0,2020-05-15 23:50:51,23.0,4.0,5.0,5.0,5.0,9343298,False,0,254.0
5419614958,14.0,2020-05-16 21:52:00,23.0,7.0,2.0,13.0,3.0,9343298,True,1,77879.0
5419642910,35.0,2020-05-16 22:19:44,23.0,3.0,4.0,8.0,4.0,9343298,False,0,359.0
5419674233,2.0,2020-05-16 22:50:48,23.0,5.0,7.0,20.0,4.0,9343298,True,1,491.0
5419711814,121.0,2020-05-16 23:23:20,23.0,2.0,10.0,12.0,4.0,9343298,False,0,280.0
5419744109,57.0,2020-05-16 23:50:19,23.0,3.0,8.0,5.0,4.0,9343298,False,0,267.0
5421100706,30.0,2020-05-17 12:30:38,23.0,8.0,6.0,21.0,4.0,9343298,False,1,44358.0
5421377016,9.0,2020-05-17 14:57:38,23.0,3.0,2.0,15.0,4.0,9343298,False,1,6358.0
5421593508,41.0,2020-05-17 17:16:03,23.0,5.0,1.0,13.0,4.0,9343298,True,1,6611.0
5421634440,14.0,2020-05-17 17:44:41,23.0,4.0,6.0,13.0,5.0,9343298,False,1,420.0
5421876690,33.0,2020-05-17 21:39:20,23.0,2.0,4.0,17.0,5.0,9343298,True,0,12633.0
5423540549,26.0,2020-05-18 18:28:00,23.0,4.0,8.0,9.0,2.0,9343298,False,0,73442.0
5423566807,84.0,2020-05-18 18:56:28,23.0,2.0,5.0,7.0,2.0,9343298,False,0,271.0
5423594017,9.0,2020-05-18 19:28:56,23.0,3.0,5.0,13.0,3.0,9343298,False,0,639.0
5423618726,14.0,2020-05-18 20:01:20,23.0,5.0,4.0,8.0,3.0,9343298,True,1,316.0
5423644037,14.0,2020-05-18 20:38:39,23.0,3.0,5.0,21.0,4.0,9343298,False,1,697.0
5423670027,14.0,2020-05-18 21:18:43,23.0,3.0,6.0,13.0,5.0,9343298,True,1,825.0
5423693576,9.0,2020-05-18 21:55:06,23.0,10.0,4.0,13.0,5.0,9343298,False,1,521.0
5425256247,9.0,2020-05-19 20:32:26,23.0,3.0,5.0,30.0,5.0,9343298,True,0,78771.0
5425308603,2.0,2020-05-19 21:54:58,23.0,2.0,6.0,5.0,5.0,9343298,False,0,2053.0
5426752948,93.0,2020-05-20 18:37:13,23.0,1.0,5.0,8.0,2.0,9343298,False,0,73424.0
5426787738,2.0,2020-05-20 19:17:29,23.0,7.0,4.0,6.0,2.0,9343298,False,1,859.0
5426808925,14.0,2020-05-20 19:44:31,23.0,10.0,4.0,12.0,2.0,9343298,True,0,430.0
5426831287,14.0,2020-05-20 20:16:06,23.0,5.0,8.0,10.0,2.0,9343298,False,0,334.0
5426862126,87.0,2020-05-20 21:03:45,23.0,7.0,10.0,26.0,4.0,9343298,True,0,1091.0
5426892086,26.0,2020-05-20 21:51:35,23.0,5.0,4.0,11.0,2.0,9343298,True,1,991.0
5426910937,110.0,2020-05-20 22:20:19,23.0,4.0,9.0,17.0,2.0,9343298,False,1,282.0
5435562733,88.0,2020-05-25 20:19:44,23.0,0.0,2.0,3.0,4.0,9343298,True,0,86400.0
5435813501,21.0,2020-05-25 23:23:50,23.0,8.0,7.0,21.0,3.0,9343298,False,1,10331.0
5435856044,14.0,2020-05-26 00:07:44,23.0,6.0,3.0,22.0,3.0,9343298,True,1,303.0
5437277172,14.0,2020-05-26 18:52:01,23.0,4.0,5.0,13.0,2.0,9343298,True,1,66020.0
5437305349,35.0,2020-05-26 19:22:20,23.0,14.0,6.0,2.0,2.0,9343298,False,0,202.0
5437334016,14.0,2020-05-26 19:54:37,23.0,1.0,6.0,13.0,2.0,9343298,True,1,462.0
5437381652,14.0,2020-05-26 20:51:03,23.0,7.0,10.0,16.0,4.0,9343298,True,0,1803.0
5437407603,14.0,2020-05-26 21:29:41,23.0,7.0,6.0,10.0,4.0,9343298,True,1,276.0
5437526968,111.0,2020-05-26 23:58:12,23.0,5.0,4.0,17.0,5.0,9343298,False,1,6964.0
5437556623,14.0,2020-05-27 00:28:43,23.0,9.0,7.0,17.0,5.0,9343298,False,1,467.0
5439141659,110.0,2020-05-27 19:17:50,23.0,7.0,7.0,23.0,4.0,9343298,True,0,66221.0
5439176360,14.0,2020-05-27 19:58:25,23.0,5.0,4.0,13.0,5.0,9343298,True,1,770.0
5439215456,7.0,2020-05-27 20:51:08,23.0,1.0,10.0,18.0,3.0,9343298,False,0,1643.0
5439246716,26.0,2020-05-27 21:31:57,23.0,5.0,7.0,8.0,4.0,9343298,True,1,346.0
5439278535,14.0,2020-05-27 22:13:10,23.0,1.0,4.0,8.0,4.0,9343298,False,0,1011.0
5440959634,14.0,2020-05-28 18:14:52,23.0,3.0,2.0,17.0,4.0,9343298,False,1,70993.0
5440991364,84.0,2020-05-28 18:46:26,23.0,0.0,1.0,15.0,4.0,9343298,True,1,587.0
5441022189,51.0,2020-05-28 19:19:53,23.0,5.0,2.0,8.0,3.0,9343298,False,0,852.0
5441044146,44.0,2020-05-28 19:46:01,23.0,8.0,4.0,12.0,4.0,9343298,True,1,321.0
5441064899,21.0,2020-05-28 20:11:58,23.0,1.0,4.0,6.0,3.0,9343298,False,1,534.0
5441085535,14.0,2020-05-28 20:39:41,23.0,7.0,0.0,11.0,3.0,9343298,True,1,380.0
5441108019,111.0,2020-05-28 21:11:32,23.0,10.0,3.0,18.0,5.0,9343298,False,1,776.0
5441124781,111.0,2020-05-28 21:34:50,23.0,3.0,4.0,10.0,5.0,9343298,False,0,219.0
5441154076,86.0,2020-05-28 22:13:44,23.0,1.0,8.0,4.0,4.0,9343298,False,0,258.0
5442985587,86.0,2020-05-29 20:31:18,23.0,3.0,8.0,18.0,5.0,9343298,False,1,79196.0
5443021809,14.0,2020-05-29 21:17:15,23.0,3.0,4.0,13.0,5.0,9343298,False,1,767.0
5443051910,14.0,2020-05-29 21:53:07,23.0,3.0,3.0,8.0,5.0,9343298,True,1,698.0
5443078298,14.0,2020-05-29 22:24:08,22.0,7.0,7.0,21.0,5.0,9343298,False,1,719.0
5443126180,97.0,2020-05-29 23:18:25,22.0,2.0,11.0,15.0,5.0,9343298,False,0,777.0
5443205389,111.0,2020-05-30 00:31:31,23.0,1.0,7.0,17.0,5.0,9343298,False,1,1095.0
5443253629,14.0,2020-05-30 01:14:19,23.0,1.0,6.0,8.0,3.0,9343298,True,0,400.0
5444762960,14.0,2020-05-30 14:41:53,23.0,1.0,5.0,18.0,1.0,9343298,True,1,47037.0
5444819676,14.0,2020-05-30 15:15:20,23.0,3.0,8.0,5.0,1.0,9343298,False,0,553.0
5444869198,14.0,2020-05-30 15:47:38,23.0,12.0,4.0,8.0,2.0,9343298,False,1,282.0
5444915729,97.0,2020-05-30 16:19:06,23.0,2.0,2.0,20.0,5.0,9343298,False,1,400.0
5444961087,14.0,2020-05-30 16:50:48,23.0,9.0,8.0,24.0,4.0,9343298,False,0,547.0
5445225127,14.0,2020-05-30 20:54:01,23.0,2.0,4.0,13.0,4.0,9343298,False,1,12534.0
5445251027,70.0,2020-05-30 21:26:23,23.0,5.0,4.0,7.0,5.0,9343298,True,1,416.0
5445277931,11.0,2020-05-30 21:59:56,23.0,3.0,4.0,3.0,5.0,9343298,True,0,271.0
5445296710,14.0,2020-05-30 22:20:58,23.0,3.0,8.0,5.0,5.0,9343298,False,0,341.0
5445336426,78.0,2020-05-30 23:03:02,23.0,9.0,6.0,11.0,3.0,9343298,False,0,1330.0
5445371246,14.0,2020-05-30 23:36:14,23.0,1.0,8.0,8.0,2.0,9343298,False,1,392.0
5445409744,14.0,2020-05-31 00:10:33,23.0,5.0,7.0,13.0,2.0,9343298,True,0,602.0
5445442389,14.0,2020-05-31 00:39:26,23.0,3.0,8.0,15.0,3.0,9343298,True,0,297.0
5445484720,91.0,2020-05-31 01:16:20,23.0,0.0,5.0,8.0,2.0,9343298,False,0,359.0
5445513948,10.0,2020-05-31 01:40:46,23.0,4.0,5.0,6.0,2.0,9343298,False,0,252.0
5446806927,11.0,2020-05-31 14:06:34,23.0,2.0,3.0,4.0,1.0,9343298,True,1,43003.0
5446863854,58.0,2020-05-31 14:42:05,23.0,4.0,8.0,10.0,3.0,9343298,False,0,892.0
5446929519,14.0,2020-05-31 15:24:50,23.0,9.0,8.0,16.0,4.0,9343298,True,1,609.0
5446990543,9.0,2020-05-31 16:06:42,23.0,3.0,6.0,1.0,4.0,9343298,True,0,755.0
5447391547,14.0,2020-05-31 22:50:01,23.0,4.0,11.0,11.0,1.0,9343298,False,0,23115.0
5447427482,14.0,2020-05-31 23:29:48,23.0,6.0,9.0,18.0,1.0,9343298,False,1,413.0
5449073183,14.0,2020-06-01 19:06:56,23.0,5.0,8.0,10.0,5.0,9343298,True,1,68263.0
5449118250,14.0,2020-06-01 20:00:26,23.0,4.0,9.0,11.0,3.0,9343298,False,0,1745.0
5449192079,14.0,2020-06-01 21:48:15,23.0,3.0,12.0,7.0,1.0,9343298,True,0,4957.0
5449217241,14.0,2020-06-01 22:22:32,23.0,7.0,4.0,10.0,1.0,9343298,False,1,227.0
5449257841,91.0,2020-06-01 23:12:58,23.0,1.0,7.0,11.0,4.0,9343298,False,0,1650.0
5449287457,9.0,2020-06-01 23:47:21,23.0,2.0,4.0,19.0,4.0,9343298,True,0,625.0
5450820981,44.0,2020-06-02 19:15:36,23.0,7.0,7.0,5.0,2.0,9343298,False,0,68235.0
5450850904,32.0,2020-06-02 19:50:22,23.0,0.0,4.0,8.0,3.0,9343298,False,0,913.0
5450868099,14.0,2020-06-02 20:12:54,23.0,5.0,2.0,17.0,3.0,9343298,True,1,248.0
5450890121,32.0,2020-06-02 20:46:36,23.0,4.0,1.0,6.0,3.0,9343298,False,1,366.0
5450906105,14.0,2020-06-02 21:10:22,23.0,2.0,5.0,8.0,3.0,9343298,True,0,270.0
5450933848,21.0,2020-06-02 21:50:40,23.0,5.0,6.0,5.0,3.0,9343298,True,0,651.0
5451032057,14.0,2020-06-02 23:53:50,23.0,3.0,8.0,10.0,2.0,9343298,True,0,6044.0
5451058501,14.0,2020-06-03 00:24:13,23.0,10.0,2.0,13.0,2.0,9343298,True,1,374.0
5451081049,14.0,2020-06-03 00:49:35,23.0,8.0,4.0,11.0,2.0,9343298,False,0,349.0
5451132763,2.0,2020-06-03 01:46:49,23.0,13.0,6.0,16.0,2.0,9343298,True,1,1813.0
5452472354,121.0,2020-06-03 18:18:22,23.0,3.0,3.0,14.0,5.0,9343298,True,1,58097.0
5452498090,14.0,2020-06-03 18:46:16,23.0,4.0,6.0,13.0,5.0,9343298,False,1,495.0
5452529611,14.0,2020-06-03 19:22:04,22.0,3.0,12.0,19.0,1.0,9343298,False,1,569.0
5452574370,121.0,2020-06-03 20:22:50,23.0,2.0,1.0,9.0,3.0,9343298,True,1,754.0
5452587886,44.0,2020-06-03 20:42:46,23.0,4.0,2.0,10.0,3.0,9343298,True,0,285.0
5452607489,5.0,2020-06-03 21:12:59,23.0,4.0,2.0,15.0,3.0,9343298,True,1,287.0
5452626513,5.0,2020-06-03 21:41:21,23.0,2.0,7.0,6.0,5.0,9343298,True,0,343.0
5452646317,9.0,2020-06-03 22:09:54,23.0,7.0,4.0,16.0,4.0,9343298,False,1,304.0
5452672006,14.0,2020-06-03 22:49:07,23.0,9.0,1.0,19.0,4.0,9343298,True,1,845.0
5452713489,14.0,2020-06-03 23:40:16,23.0,2.0,3.0,6.0,1.0,9343298,False,0,1683.0
5454319525,20.0,2020-06-04 21:44:46,23.0,2.0,6.0,16.0,1.0,9343298,True,0,78537.0
5454340462,14.0,2020-06-04 22:13:59,23.0,0.0,3.0,5.0,1.0,9343298,False,0,307.0
5454354046,14.0,2020-06-04 22:32:14,23.0,3.0,3.0,20.0,5.0,9343298,False,1,244.0
5455212161,14.0,2020-06-05 10:56:39,23.0,6.0,4.0,9.0,1.0,9343298,True,0,42527.0
5455269368,14.0,2020-06-05 11:26:02,23.0,2.0,2.0,10.0,1.0,9343298,True,1,305.0
5455862119,21.0,2020-06-05 18:08:48,23.0,1.0,1.0,19.0,4.0,9343298,False,1,22550.0
5455895964,14.0,2020-06-05 18:41:50,23.0,7.0,7.0,5.0,4.0,9343298,False,0,585.0
5455929193,14.0,2020-06-05 19:17:02,23.0,6.0,5.0,16.0,3.0,9343298,False,1,434.0
5455954302,5.0,2020-06-05 19:46:15,23.0,7.0,3.0,27.0,3.0,9343298,False,1,239.0
5456003592,14.0,2020-06-05 20:48:41,23.0,8.0,5.0,13.0,4.0,9343298,True,1,1855.0
5456030999,20.0,2020-06-05 21:25:44,23.0,2.0,5.0,20.0,5.0,9343298,False,1,672.0
5456072929,14.0,2020-06-05 22:14:36,23.0,0.0,1.0,7.0,3.0,9343298,True,1,1084.0
5456104721,42.0,2020-06-05 23:01:28,23.0,10.0,3.0,18.0,4.0,9343298,True,1,1343.0
5456139448,14.0,2020-06-05 23:38:15,23.0,2.0,6.0,13.0,5.0,9343298,False,1,496.0
5456172607,9.0,2020-06-06 00:10:42,23.0,2.0,7.0,19.0,4.0,9343298,False,1,270.0
5457354993,14.0,2020-06-06 13:17:37,23.0,1.0,6.0,8.0,2.0,9343298,False,0,45258.0
5457396253,2.0,2020-06-06 13:41:17,23.0,7.0,4.0,13.0,2.0,9343298,True,1,310.0
5457446375,5.0,2020-06-06 14:11:00,23.0,0.0,7.0,13.0,3.0,9343298,False,1,344.0
5457511200,10.0,2020-06-06 14:52:58,23.0,0.0,4.0,8.0,4.0,9343298,True,0,512.0
5457549669,51.0,2020-06-06 15:18:29,23.0,8.0,2.0,31.0,5.0,9343298,False,1,372.0
5457606596,18.0,2020-06-06 15:58:37,23.0,3.0,2.0,9.0,5.0,9343298,True,1,353.0
5457647524,65.0,2020-06-06 16:39:21,23.0,7.0,7.0,13.0,5.0,9343298,False,0,1368.0
5457695430,10.0,2020-06-06 17:20:27,23.0,1.0,5.0,6.0,4.0,9343298,True,0,418.0
5457807623,75.0,2020-06-06 18:56:13,23.0,2.0,0.0,2.0,5.0,9343298,False,1,4371.0
5457824855,14.0,2020-06-06 19:13:59,23.0,6.0,6.0,11.0,5.0,9343298,True,1,316.0
5457854627,18.0,2020-06-06 19:47:58,23.0,9.0,4.0,16.0,5.0,9343298,True,1,728.0
5457926006,14.0,2020-06-06 21:20:24,23.0,3.0,8.0,7.0,3.0,9343298,False,0,3776.0
5457952434,14.0,2020-06-06 21:56:32,23.0,7.0,7.0,25.0,5.0,9343298,True,1,762.0
5457988908,14.0,2020-06-06 22:41:39,23.0,4.0,7.0,15.0,4.0,9343298,False,0,694.0
5458020422,51.0,2020-06-06 23:15:57,23.0,6.0,8.0,20.0,4.0,9343298,False,0,250.0
5458059275,14.0,2020-06-06 23:54:50,23.0,3.0,7.0,8.0,5.0,9343298,False,0,256.0
5458098201,26.0,2020-06-07 00:32:01,23.0,0.0,5.0,10.0,5.0,9343298,False,0,407.0
5459234734,14.0,2020-06-07 12:52:29,23.0,3.0,8.0,10.0,1.0,9343298,True,0,42880.0
5459282796,14.0,2020-06-07 13:21:59,23.0,2.0,11.0,8.0,2.0,9343298,False,0,329.0
5459355708,14.0,2020-06-07 14:09:09,23.0,10.0,6.0,17.0,2.0,9343298,False,1,384.0
5459410333,60.0,2020-06-07 14:46:43,23.0,4.0,5.0,21.0,5.0,9343298,True,1,426.0
5459446012,21.0,2020-06-07 15:17:07,23.0,11.0,3.0,15.0,3.0,9343298,True,1,467.0
5459478771,21.0,2020-06-07 15:43:33,23.0,8.0,4.0,14.0,3.0,9343298,True,1,360.0
5459519568,29.0,2020-06-07 16:16:03,23.0,3.0,2.0,16.0,4.0,9343298,True,1,379.0
5459550391,47.0,2020-06-07 16:41:38,23.0,4.0,8.0,10.0,5.0,9343298,True,0,338.0
5459592555,22.0,2020-06-07 17:17:27,23.0,2.0,2.0,14.0,5.0,9343298,True,1,370.0
5459726608,29.0,2020-06-07 19:35:02,23.0,3.0,9.0,3.0,5.0,9343298,True,0,7143.0
5459794024,60.0,2020-06-07 21:08:13,23.0,4.0,4.0,16.0,3.0,9343298,False,1,4548.0
5459817951,75.0,2020-06-07 21:43:32,23.0,0.0,5.0,6.0,5.0,9343298,True,0,713.0
5459832915,63.0,2020-06-07 22:04:57,23.0,5.0,1.0,18.0,4.0,9343298,True,1,219.0
5459851058,33.0,2020-06-07 22:30:19,23.0,3.0,5.0,15.0,4.0,9343298,True,1,295.0
5459869906,14.0,2020-06-07 22:55:51,23.0,8.0,3.0,8.0,4.0,9343298,False,0,343.0
5461297479,30.0,2020-06-08 17:56:41,23.0,4.0,8.0,11.0,5.0,9343298,True,0,66758.0
5461330397,14.0,2020-06-08 18:31:00,23.0,6.0,4.0,11.0,5.0,9343298,False,0,229.0
5461477447,14.0,2020-06-08 21:53:40,23.0,2.0,9.0,5.0,4.0,9343298,False,0,10961.0
5461492290,14.0,2020-06-08 22:14:58,23.0,4.0,6.0,13.0,5.0,9343298,False,1,285.0
5461525895,111.0,2020-06-08 23:02:12,23.0,5.0,6.0,11.0,3.0,9343298,False,1,736.0
5461552928,17.0,2020-06-08 23:36:24,23.0,8.0,7.0,9.0,4.0,9343298,True,0,440.0
5462937687,14.0,2020-06-09 18:34:29,23.0,5.0,2.0,9.0,3.0,9343298,False,1,66713.0
5462955007,14.0,2020-06-09 18:55:31,23.0,2.0,7.0,5.0,3.0,9343298,True,0,194.0
5462978521,51.0,2020-06-09 19:24:59,23.0,4.0,5.0,6.0,2.0,9343298,False,0,495.0
5463019830,42.0,2020-06-09 20:28:36,23.0,4.0,5.0,11.0,3.0,9343298,True,1,2409.0
5463037684,41.0,2020-06-09 20:58:35,23.0,8.0,3.0,8.0,4.0,9343298,False,1,433.0
5463060348,41.0,2020-06-09 21:34:38,23.0,7.0,5.0,7.0,3.0,9343298,True,0,608.0
5463076972,14.0,2020-06-09 22:00:20,23.0,3.0,5.0,6.0,4.0,9343298,True,0,281.0
5464628051,35.0,2020-06-10 21:06:44,23.0,5.0,8.0,9.0,1.0,9343298,True,1,81715.0
5464651942,14.0,2020-06-10 21:45:02,23.0,1.0,3.0,8.0,5.0,9343298,False,1,391.0
5464694315,14.0,2020-06-10 22:47:33,23.0,4.0,8.0,19.0,1.0,9343298,False,0,2209.0
5464715602,35.0,2020-06-10 23:15:25,23.0,12.0,3.0,8.0,1.0,9343298,True,1,232.0
5464741502,33.0,2020-06-10 23:47:28,23.0,1.0,5.0,18.0,1.0,9343298,False,1,354.0
5466012485,14.0,2020-06-11 16:54:24,23.0,5.0,6.0,13.0,2.0,9343298,True,1,60329.0
5467589778,14.0,2020-06-12 16:43:28,23.0,7.0,5.0,16.0,1.0,9343298,False,1,84328.0
5467629215,14.0,2020-06-12 17:19:50,23.0,2.0,5.0,5.0,1.0,9343298,True,0,520.0
5467667820,14.0,2020-06-12 17:57:43,23.0,5.0,5.0,13.0,3.0,9343298,False,1,758.0
5467727023,25.0,2020-06-12 19:02:48,23.0,9.0,3.0,9.0,2.0,9343298,False,1,318.0
5467779752,14.0,2020-06-12 20:15:28,23.0,7.0,4.0,10.0,5.0,9343298,True,1,2690.0
5467799114,9.0,2020-06-12 20:45:46,23.0,6.0,2.0,20.0,5.0,9343298,True,1,324.0
5467824514,26.0,2020-06-12 21:23:39,23.0,4.0,5.0,1.0,3.0,9343298,False,0,586.0
5467842916,14.0,2020-06-12 21:50:52,23.0,7.0,4.0,15.0,2.0,9343298,True,1,369.0
5467861687,5.0,2020-06-12 22:22:20,23.0,1.0,4.0,2.0,2.0,9343298,False,0,541.0
5467874801,44.0,2020-06-12 22:40:36,23.0,15.0,7.0,12.0,3.0,9343298,True,1,501.0
5467911939,14.0,2020-06-12 23:23:27,23.0,9.0,6.0,17.0,5.0,9343298,False,1,530.0
5467942471,14.0,2020-06-12 23:55:59,23.0,2.0,9.0,7.0,5.0,9343298,False,0,365.0
5467972698,93.0,2020-06-13 00:27:29,23.0,1.0,2.0,5.0,4.0,9343298,True,1,271.0
5468008723,35.0,2020-06-13 01:04:58,23.0,15.0,0.0,11.0,4.0,9343298,True,1,967.0
5468849988,14.0,2020-06-13 11:24:50,23.0,10.0,9.0,10.0,2.0,9343298,False,0,35897.0
5468928451,33.0,2020-06-13 12:07:39,23.0,0.0,7.0,7.0,4.0,9343298,True,0,916.0
5468992199,14.0,2020-06-13 12:42:31,23.0,9.0,5.0,10.0,5.0,9343298,True,0,690.0
5469044466,10.0,2020-06-13 13:13:18,23.0,16.0,1.0,4.0,3.0,9343298,True,1,286.0
5469096346,47.0,2020-06-13 13:46:21,23.0,17.0,3.0,15.0,4.0,9343298,True,1,987.0
5469138501,81.0,2020-06-13 14:14:44,23.0,4.0,9.0,16.0,4.0,9343298,True,1,257.0
5469191807,14.0,2020-06-13 14:53:21,23.0,3.0,5.0,14.0,5.0,9343298,True,1,429.0
5469288738,103.0,2020-06-13 16:11:49,23.0,2.0,7.0,6.0,4.0,9343298,True,0,3092.0
5469337228,33.0,2020-06-13 16:52:31,23.0,9.0,4.0,22.0,5.0,9343298,True,1,615.0
5469452545,9.0,2020-06-13 18:39:36,23.0,6.0,7.0,30.0,3.0,9343298,False,0,4552.0
5469528069,51.0,2020-06-13 20:03:32,22.0,4.0,10.0,10.0,1.0,9343298,True,0,2391.0
5469560061,68.0,2020-06-13 20:45:41,23.0,0.0,5.0,2.0,2.0,9343298,False,0,434.0
5469576242,21.0,2020-06-13 21:08:13,23.0,5.0,3.0,6.0,4.0,9343298,True,0,341.0
5469592212,110.0,2020-06-13 21:30:50,23.0,6.0,5.0,27.0,4.0,9343298,True,1,264.0
5469620342,14.0,2020-06-13 22:08:55,23.0,3.0,4.0,10.0,5.0,9343298,False,1,393.0
5469642753,14.0,2020-06-13 22:37:37,23.0,7.0,3.0,17.0,5.0,9343298,True,1,374.0
5469675317,86.0,2020-06-13 23:14:52,23.0,2.0,8.0,18.0,5.0,9343298,False,1,457.0
5469708053,108.0,2020-06-13 23:48:43,23.0,3.0,4.0,36.0,5.0,9343298,True,1,381.0
5471090395,81.0,2020-06-14 15:24:23,23.0,8.0,1.0,11.0,5.0,9343298,False,1,54515.0
5471127184,14.0,2020-06-14 15:53:05,23.0,5.0,3.0,8.0,5.0,9343298,False,1,586.0
5471164614,30.0,2020-06-14 16:22:43,23.0,9.0,9.0,16.0,5.0,9343298,True,0,262.0
5471221364,62.0,2020-06-14 17:10:10,23.0,4.0,2.0,21.0,5.0,9343298,False,1,417.0
5471256335,83.0,2020-06-14 17:41:14,23.0,2.0,8.0,24.0,4.0,9343298,True,1,229.0
5471356407,38.0,2020-06-14 19:28:26,23.0,8.0,4.0,13.0,2.0,9343298,True,1,4242.0
5471380704,7.0,2020-06-14 19:59:48,23.0,5.0,7.0,21.0,2.0,9343298,True,0,417.0
5471409216,120.0,2020-06-14 20:39:46,23.0,2.0,7.0,9.0,5.0,9343298,True,0,527.0
5471432821,12.0,2020-06-14 21:16:09,23.0,3.0,3.0,15.0,5.0,9343298,True,1,444.0
5471460613,42.0,2020-06-14 21:59:22,23.0,0.0,7.0,9.0,5.0,9343298,False,0,801.0
5471478181,14.0,2020-06-14 22:25:21,23.0,0.0,7.0,10.0,5.0,9343298,False,0,484.0
5471502876,14.0,2020-06-14 23:00:09,23.0,6.0,2.0,8.0,5.0,9343298,True,1,343.0
5471537267,14.0,2020-06-14 23:45:18,23.0,7.0,4.0,24.0,2.0,9343298,False,1,1466.0
5471563607,14.0,2020-06-15 00:18:00,23.0,12.0,7.0,22.0,2.0,9343298,False,1,273.0
5471595702,51.0,2020-06-15 00:58:25,23.0,12.0,7.0,14.0,2.0,9343298,False,1,282.0
5472841012,32.0,2020-06-15 18:06:01,23.0,11.0,11.0,19.0,2.0,9343298,True,1,60171.0
5472892851,8.0,2020-06-15 19:05:14,23.0,3.0,5.0,8.0,3.0,9343298,True,0,448.0
5472972681,84.0,2020-06-15 21:08:30,23.0,5.0,2.0,20.0,3.0,9343298,True,1,5747.0
5472988332,8.0,2020-06-15 21:33:22,23.0,4.0,9.0,7.0,3.0,9343298,False,0,279.0
5473015434,14.0,2020-06-15 22:14:26,23.0,3.0,8.0,8.0,2.0,9343298,False,0,258.0
5474346496,84.0,2020-06-16 17:45:52,23.0,5.0,7.0,14.0,5.0,9343298,True,0,68996.0
5474378453,129.0,2020-06-16 18:20:20,23.0,6.0,3.0,20.0,5.0,9343298,False,1,383.0
5474453393,14.0,2020-06-16 20:14:45,23.0,2.0,5.0,11.0,4.0,9343298,False,0,5250.0
5474475325,35.0,2020-06-16 20:41:28,23.0,9.0,10.0,20.0,4.0,9343298,False,0,304.0
5474492075,27.0,2020-06-16 21:16:31,23.0,4.0,6.0,17.0,3.0,9343298,True,1,552.0
5474515186,42.0,2020-06-16 21:54:49,23.0,8.0,6.0,5.0,3.0,9343298,False,0,501.0
5474533749,35.0,2020-06-16 22:23:06,23.0,6.0,5.0,15.0,3.0,9343298,True,1,209.0
5477021420,14.0,2020-06-18 18:05:05,23.0,4.0,4.0,25.0,4.0,9343298,False,1,86400.0
5477060333,27.0,2020-06-18 18:48:07,23.0,4.0,13.0,7.0,3.0,9343298,False,0,581.0
5477081408,21.0,2020-06-18 19:16:19,23.0,6.0,6.0,7.0,3.0,9343298,False,0,292.0
5477125532,71.0,2020-06-18 20:21:45,23.0,1.0,7.0,6.0,4.0,9343298,True,0,2566.0
5477144146,71.0,2020-06-18 20:46:44,23.0,2.0,7.0,13.0,2.0,9343298,False,1,245.0
5477166783,27.0,2020-06-18 21:25:20,23.0,0.0,6.0,2.0,3.0,9343298,False,0,487.0
5477178635,68.0,2020-06-18 21:45:21,23.0,5.0,4.0,9.0,3.0,9343298,True,0,250.0
5477196775,14.0,2020-06-18 22:14:19,23.0,9.0,5.0,9.0,3.0,9343298,True,0,430.0
5477223357,14.0,2020-06-18 22:51:08,23.0,1.0,8.0,5.0,5.0,9343298,False,0,680.0
5477240726,84.0,2020-06-18 23:16:07,23.0,0.0,8.0,12.0,5.0,9343298,False,0,354.0
5477266268,51.0,2020-06-18 23:50:32,23.0,8.0,4.0,10.0,5.0,9343298,True,0,522.0
5477319043,14.0,2020-06-19 01:00:00,22.0,4.0,10.0,11.0,5.0,9343298,False,0,2940.0
5481586178,7.0,2020-06-21 23:57:55,23.0,2.0,2.0,4.0,1.0,9343298,False,0,86400.0
5481602595,14.0,2020-06-22 00:22:58,23.0,5.0,8.0,11.0,1.0,9343298,False,0,239.0
5481623627,14.0,2020-06-22 00:55:24,23.0,5.0,3.0,11.0,1.0,9343298,True,1,321.0
5482406895,14.0,2020-06-22 13:31:14,23.0,2.0,5.0,4.0,1.0,9343298,False,0,43827.0
5482701153,14.0,2020-06-22 18:33:42,23.0,8.0,3.0,6.0,1.0,9343298,True,1,17044.0
5482720950,35.0,2020-06-22 19:01:54,23.0,9.0,8.0,9.0,1.0,9343298,True,0,321.0
5482750430,14.0,2020-06-22 19:55:30,23.0,9.0,2.0,6.0,1.0,9343298,False,0,983.0
5482790604,14.0,2020-06-22 21:11:59,23.0,9.0,5.0,16.0,1.0,9343298,False,1,3171.0
5482812340,14.0,2020-06-22 21:53:39,23.0,2.0,10.0,4.0,5.0,9343298,True,0,428.0
5482828863,78.0,2020-06-22 22:23:30,23.0,2.0,7.0,20.0,5.0,9343298,True,1,446.0
5482855979,35.0,2020-06-22 23:09:05,23.0,5.0,2.0,10.0,5.0,9343298,True,0,550.0
